<?xml version="1.0" encoding="UTF-8"?>
<!DOCTYPE html PUBLIC "-//W3C//DTD XHTML 1.0 Transitional//EN"
    "http://www.w3.org/TR/xhtml1/DTD/xhtml1-transitional.dtd">
<html xmlns="http://www.w3.org/1999/xhtml" xml:lang="en" lang="en">
 <head>
  <title>
</title>
<meta http-equiv="Content-Type" content="text/html;charset=utf-8" />
  <meta name='ocr-system' content='tesseract 3.04.00' />
  <meta name='ocr-capabilities' content='ocr_page ocr_carea ocr_par ocr_line ocrx_word'/>
</head>
<body>
  <div class='ocr_page' id='page_1' title='image "./poemsossianinor00londgoog_0012.png"; bbox 0 0 4172 5982; ppageno 0'>
   <div class='ocr_carea' id='block_1_1' title="bbox 295 1539 1600 2146">
    <p class='ocr_par' dir='ltr' id='par_1_1' title="bbox 357 1539 1493 1836">
     <span class='ocr_line' id='line_1_1' title="bbox 357 1539 1492 1622; baseline -0.01 -15"><span class='ocrx_word' id='word_1_1' title='bbox 357 1547 488 1609; x_wconf 83' lang='lat' dir='ltr'><strong>Cuculliu</strong></span> <span class='ocrx_word' id='word_1_2' title='bbox 503 1548 662 1622; x_wconf 82' lang='lat' dir='ltr'><strong>(Hibernire</strong></span> <span class='ocrx_word' id='word_1_3' title='bbox 676 1549 800 1607; x_wconf 90' lang='lat' dir='ltr'><strong>tribuum</strong></span> <span class='ocrx_word' id='word_1_4' title='bbox 820 1546 891 1614; x_wconf 86' lang='lat' dir='ltr'><strong>dux,</strong></span> <span class='ocrx_word' id='word_1_5' title='bbox 904 1543 972 1602; x_wconf 90' lang='lat' dir='ltr'><strong>dum</strong></span> <span class='ocrx_word' id='word_1_6' title='bbox 991 1542 1085 1600; x_wconf 77' lang='lat' dir='ltr'><strong>adhue</strong></span> <span class='ocrx_word' id='word_1_7' title='bbox 1104 1539 1235 1618; x_wconf 76' lang='lat' dir='ltr'><strong>pupillari</strong></span> <span class='ocrx_word' id='word_1_8' title='bbox 1254 1547 1337 1598; x_wconf 81' lang='lat' dir='ltr'><strong>aetete</strong></span> <span class='ocrx_word' id='word_1_9' title='bbox 1350 1545 1421 1598; x_wconf 86' lang='lat' dir='ltr'><strong>esset</strong></span> <span class='ocrx_word' id='word_1_10' title='bbox 1440 1557 1492 1596; x_wconf 87' lang='lat' dir='ltr'><strong>rex</strong></span> 
     </span>
     <span class='ocr_line' id='line_1_2' title="bbox 398 1643 1492 1732; baseline -0.011 -20"><span class='ocrx_word' id='word_1_11' title='bbox 398 1655 566 1732; x_wconf 87' lang='lat' dir='ltr'><strong>Cormecus)</strong></span> <span class='ocrx_word' id='word_1_12' title='bbox 581 1655 617 1712; x_wconf 85' lang='lat' dir='ltr'><strong>ed</strong></span> <span class='ocrx_word' id='word_1_13' title='bbox 630 1655 726 1724; x_wconf 71' lang='lat' dir='ltr'><strong>Ture,</strong></span> <span class='ocrx_word' id='word_1_14' title='bbox 744 1649 851 1710; x_wconf 74' lang='lat' dir='ltr'><strong>castelli</strong></span> <span class='ocrx_word' id='word_1_15' title='bbox 869 1649 898 1707; x_wconf 93' lang='lat' dir='ltr'><strong>in</strong></span> <span class='ocrx_word' id='word_1_16' title='bbox 916 1645 1043 1716; x_wconf 78' lang='lat' dir='ltr'><strong>Ultonid‚</strong></span> <span class='ocrx_word' id='word_1_17' title='bbox 1061 1651 1174 1722; x_wconf 85' lang='lat' dir='ltr'><strong>portem</strong></span> <span class='ocrx_word' id='word_1_18' title='bbox 1193 1645 1246 1702; x_wconf 89' lang='lat' dir='ltr'><strong>sub</strong></span> <span class='ocrx_word' id='word_1_19' title='bbox 1263 1645 1364 1702; x_wconf 76' lang='lat' dir='ltr'><strong>arbore</strong></span> <span class='ocrx_word' id='word_1_20' title='bbox 1383 1643 1492 1713; x_wconf 86' lang='lat' dir='ltr'><strong>sedens,</strong></span> 
     </span>
     <span class='ocr_line' id='line_1_3' title="bbox 399 1747 1493 1836; baseline -0.011 -20"><span class='ocrx_word' id='word_1_21' title='bbox 399 1759 508 1816; x_wconf 72' lang='lat' dir='ltr'><strong>ceteris</strong></span> <span class='ocrx_word' id='word_1_22' title='bbox 526 1757 697 1836; x_wconf 88' lang='lat' dir='ltr'><strong>principibus</strong></span> <span class='ocrx_word' id='word_1_23' title='bbox 714 1757 744 1814; x_wconf 92' lang='lat' dir='ltr'><strong>in</strong></span> <span class='ocrx_word' id='word_1_24' title='bbox 762 1749 888 1824; x_wconf 78' lang='lat' dir='ltr'><strong>cronit,</strong></span> <span class='ocrx_word' id='word_1_25' title='bbox 909 1759 1004 1809; x_wconf 88' lang='lat' dir='ltr'><strong>moute</strong></span> <span class='ocrx_word' id='word_1_26' title='bbox 1018 1747 1120 1818; x_wconf 89' lang='lat' dir='ltr'><strong>vicino,</strong></span> <span class='ocrx_word' id='word_1_27' title='bbox 1138 1747 1314 1818; x_wconf 78' lang='lat' dir='ltr'>venantibus,</span> <span class='ocrx_word' id='word_1_28' title='bbox 1333 1766 1351 1804; x_wconf 84' lang='lat' dir='ltr'><strong>e</strong></span> <span class='ocrx_word' id='word_1_29' title='bbox 1370 1747 1493 1806; x_wconf 81' lang='lat' dir='ltr'><strong>Morene</strong></span> 
     </span>
    </p>

    <p class='ocr_par' dir='ltr' id='par_1_2' title="bbox 295 1849 1600 2146">
     <span class='ocr_line' id='line_1_4' title="bbox 295 1849 1493 1940; baseline -0.011 -19"><span class='ocrx_word' id='word_1_30' title='bbox 295 1927 299 1937; x_wconf 54' lang='grc'><em>,</em></span> <span class='ocrx_word' id='word_1_31' title='bbox 399 1861 508 1921; x_wconf 82' lang='lat' dir='ltr'><strong>Fithilis</strong></span> <span class='ocrx_word' id='word_1_32' title='bbox 535 1863 603 1932; x_wconf 85' lang='lat' dir='ltr'><strong>filio,</strong></span> <span class='ocrx_word' id='word_1_33' title='bbox 626 1861 817 1940; x_wconf 77' lang='lat' dir='ltr'>exploratore,</span> <span class='ocrx_word' id='word_1_34' title='bbox 847 1858 1007 1916; x_wconf 85' lang='lat' dir='ltr'><strong>Suerenum</strong></span> <span class='ocrx_word' id='word_1_35' title='bbox 1037 1849 1181 1908; x_wconf 87' lang='lat' dir='ltr'><strong>Lochiinis</strong></span> <span class='ocrx_word' id='word_1_36' title='bbox 1209 1869 1301 1927; x_wconf 81' lang='lat' dir='ltr'><strong>regem</strong></span> <span class='ocrx_word' id='word_1_37' title='bbox 1329 1851 1360 1909; x_wconf 91' lang='lat' dir='ltr'><strong>iu</strong></span> <span class='ocrx_word' id='word_1_38' title='bbox 1389 1861 1493 1909; x_wconf 84' lang='lat' dir='ltr'><strong>terrem</strong></span> 
     </span>
     <span class='ocr_line' id='line_1_5' title="bbox 399 1953 1493 2042; baseline -0.009 -20"><span class='ocrx_word' id='word_1_39' title='bbox 399 1965 494 2040; x_wconf 82' lang='lat' dir='ltr'><strong>copies</strong></span> <span class='ocrx_word' id='word_1_40' title='bbox 514 1964 674 2042; x_wconf 77' lang='lat' dir='ltr'>exposuisse</span> <span class='ocrx_word' id='word_1_41' title='bbox 693 1962 796 2022; x_wconf 91' lang='lat' dir='ltr'><strong>certior</strong></span> <span class='ocrx_word' id='word_1_42' title='bbox 812 1971 855 2021; x_wconf 87' lang='lat' dir='ltr'><strong>est</strong></span> <span class='ocrx_word' id='word_1_43' title='bbox 873 1959 974 2018; x_wconf 80' lang='lat' dir='ltr'><strong>iectus.</strong></span> <span class='ocrx_word' id='word_1_44' title='bbox 1016 1953 1160 2030; x_wconf 70' lang='lat' dir='ltr'><strong>Principes</strong></span> <span class='ocrx_word' id='word_1_45' title='bbox 1182 1963 1332 2013; x_wconf 81' lang='lat' dir='ltr'><strong>convocet.</strong></span> <span class='ocrx_word' id='word_1_46' title='bbox 1364 1953 1493 2013; x_wconf 88' lang='lat' dir='ltr'><strong>Concilio</strong></span> 
     </span>
     <span class='ocr_line' id='line_1_6' title="bbox 399 2057 1600 2146; baseline -0.009 -20"><span class='ocrx_word' id='word_1_47' title='bbox 399 2067 508 2139; x_wconf 75' lang='lat' dir='ltr'><strong>habito,</strong></span> <span class='ocrx_word' id='word_1_48' title='bbox 526 2087 564 2125; x_wconf 83' lang='lat' dir='ltr'><strong>en</strong></span> <span class='ocrx_word' id='word_1_49' title='bbox 582 2067 711 2146; x_wconf 84' lang='lat' dir='ltr'><strong>proelium</strong></span> <span class='ocrx_word' id='word_1_50' title='bbox 732 2064 912 2125; x_wconf 76' lang='lat' dir='ltr'><strong>committent</strong></span> <span class='ocrx_word' id='word_1_51' title='bbox 930 2058 1035 2120; x_wconf 70' lang='lat' dir='ltr'><strong>acriter</strong></span> <span class='ocrx_word' id='word_1_52' title='bbox 1053 2057 1228 2134; x_wconf 77' lang='lat' dir='ltr'><strong>disputatum</strong></span> <span class='ocrx_word' id='word_1_53' title='bbox 1246 2067 1297 2116; x_wconf 90' lang='lat' dir='ltr'><strong>est.</strong></span> <span class='ocrx_word' id='word_1_54' title='bbox 1333 2057 1424 2118; x_wconf 81' lang='lat' dir='ltr'><strong>Couul</strong></span> <span class='ocrx_word' id='word_1_55' title='bbox 1437 2059 1495 2117; x_wconf 90' lang='grc' dir='ltr'><strong>Το-</strong></span> <span class='ocrx_word' id='word_1_56' title='bbox 1594 2061 1600 2072; x_wconf 78' lang='grc'><strong>“</strong></span> 
     </span>
    </p>
   </div>
   <div class='ocr_carea' id='block_1_2' title="bbox 399 2165 1502 4100">
    <p class='ocr_par' dir='ltr' id='par_1_3' title="bbox 399 2165 1502 4100">
     <span class='ocr_line' id='line_1_7' title="bbox 399 2165 1497 2250; baseline -0.007 -20"><span class='ocrx_word' id='word_1_57' title='bbox 399 2191 503 2250; x_wconf 75' lang='lat' dir='ltr'><strong>gormae</strong></span> <span class='ocrx_word' id='word_1_58' title='bbox 522 2171 643 2250; x_wconf 81' lang='lat' dir='ltr'><strong>regulus,</strong></span> <span class='ocrx_word' id='word_1_59' title='bbox 656 2183 686 2230; x_wconf 88' lang='lat' dir='ltr'><strong>et</strong></span> <span class='ocrx_word' id='word_1_60' title='bbox 698 2169 854 2230; x_wconf 83' lang='lat' dir='ltr'><strong>Cucullinis</strong></span> <span class='ocrx_word' id='word_1_61' title='bbox 872 2167 1067 2238; x_wconf 79' lang='lat' dir='ltr'><strong>amicissimus,</strong></span> <span class='ocrx_word' id='word_1_62' title='bbox 1082 2173 1189 2233; x_wconf 86' lang='lat' dir='ltr'><strong>mouet,</strong></span> <span class='ocrx_word' id='word_1_63' title='bbox 1207 2173 1239 2222; x_wconf 87' lang='lat' dir='ltr'><strong>ut</strong></span> <span class='ocrx_word' id='word_1_64' title='bbox 1253 2165 1342 2242; x_wconf 81' lang='lat' dir='ltr'><strong>copiae</strong></span> <span class='ocrx_word' id='word_1_65' title='bbox 1363 2166 1497 2224; x_wconf 87' lang='lat' dir='ltr'><strong>recedent</strong></span> 
     </span>
     <span class='ocr_line' id='line_1_8' title="bbox 399 2269 1495 2354; baseline -0.005 -20"><span class='ocrx_word' id='word_1_66' title='bbox 399 2277 576 2354; x_wconf 78' lang='lat' dir='ltr'><strong>usquedum</strong></span> <span class='ocrx_word' id='word_1_67' title='bbox 600 2275 756 2334; x_wconf 75' lang='lat' dir='ltr'><strong>advenisset</strong></span> <span class='ocrx_word' id='word_1_68' title='bbox 776 2273 884 2352; x_wconf 75' lang='lat' dir='ltr'><strong>Fingel,</strong></span> <span class='ocrx_word' id='word_1_69' title='bbox 903 2273 1122 2332; x_wconf 87' lang='lat' dir='ltr'><strong>Celedoniorum</strong></span> <span class='ocrx_word' id='word_1_70' title='bbox 1147 2270 1369 2351; x_wconf 78' lang='lat' dir='ltr'><strong>septentrionalis</strong></span> <span class='ocrx_word' id='word_1_71' title='bbox 1391 2269 1495 2330; x_wconf 77' lang='lat' dir='ltr'><strong>Scotiae</strong></span> 
     </span>
     <span class='ocr_line' id='line_1_9' title="bbox 400 2375 1497 2456; baseline -0.004 -18"><span class='ocrx_word' id='word_1_72' title='bbox 400 2398 458 2438; x_wconf 82' lang='lat' dir='ltr'><strong>orae</strong></span> <span class='ocrx_word' id='word_1_73' title='bbox 476 2379 634 2439; x_wconf 76' lang='lat' dir='ltr'><strong>incolarum</strong></span> <span class='ocrx_word' id='word_1_74' title='bbox 654 2397 715 2450; x_wconf 80' lang='lat' dir='ltr'><strong>rex,</strong></span> <span class='ocrx_word' id='word_1_75' title='bbox 735 2378 817 2454; x_wconf 83' lang='lat' dir='ltr'><strong>cujus</strong></span> <span class='ocrx_word' id='word_1_76' title='bbox 837 2377 977 2438; x_wconf 87' lang='lat' dir='ltr'><strong>euxiiium</strong></span> <span class='ocrx_word' id='word_1_77' title='bbox 998 2379 1090 2437; x_wconf 84' lang='lat' dir='ltr'><strong>iuerat</strong></span> <span class='ocrx_word' id='word_1_78' title='bbox 1111 2389 1195 2438; x_wconf 79' lang='lat' dir='ltr'><strong>antee</strong></span> <span class='ocrx_word' id='word_1_79' title='bbox 1214 2379 1342 2456; x_wconf 86' lang='lat' dir='ltr'><strong>petitum.</strong></span> <span class='ocrx_word' id='word_1_80' title='bbox 1381 2375 1497 2435; x_wconf 83' lang='lat' dir='ltr'><strong>Celmer</strong></span> 
     </span>
     <span class='ocr_line' id='line_1_10' title="bbox 401 2479 1497 2559; baseline -0.004 -17"><span class='ocrx_word' id='word_1_81' title='bbox 401 2493 508 2554; x_wconf 80' lang='lat' dir='ltr'><strong>eutem,</strong></span> <span class='ocrx_word' id='word_1_82' title='bbox 531 2483 641 2541; x_wconf 82' lang='lat' dir='ltr'><strong>Mathae</strong></span> <span class='ocrx_word' id='word_1_83' title='bbox 669 2481 751 2550; x_wconf 85' lang='lat' dir='ltr'><strong>filius,</strong></span> <span class='ocrx_word' id='word_1_84' title='bbox 772 2481 907 2540; x_wconf 80' lang='lat' dir='ltr'><strong>Conectre</strong></span> <span class='ocrx_word' id='word_1_85' title='bbox 933 2481 1085 2559; x_wconf 72' lang='lat' dir='ltr'><strong>provincie</strong></span> <span class='ocrx_word' id='word_1_86' title='bbox 1113 2484 1252 2552; x_wconf 88' lang='lat' dir='ltr'><strong>dominns,</strong></span> <span class='ocrx_word' id='word_1_87' title='bbox 1275 2500 1341 2540; x_wconf 90' lang='lat' dir='ltr'><strong>curn</strong></span> <span class='ocrx_word' id='word_1_88' title='bbox 1371 2479 1497 2538; x_wconf 87' lang='lat' dir='ltr'><strong>hostibus</strong></span> 
     </span>
     <span class='ocr_line' id='line_1_11' title="bbox 401 2584 1497 2665; baseline -0.005 -19"><span class='ocrx_word' id='word_1_89' title='bbox 401 2588 496 2646; x_wconf 75' lang='lat' dir='ltr'><strong>stetim</strong></span> <span class='ocrx_word' id='word_1_90' title='bbox 509 2606 569 2646; x_wconf 84' lang='lat' dir='ltr'><strong>esse</strong></span> <span class='ocrx_word' id='word_1_91' title='bbox 588 2605 674 2646; x_wconf 78' lang='lat' dir='ltr'><strong>mauu</strong></span> <span class='ocrx_word' id='word_1_92' title='bbox 686 2585 892 2663; x_wconf 80' lang='lat' dir='ltr'><strong>confligendum</strong></span> <span class='ocrx_word' id='word_1_93' title='bbox 910 2587 1035 2656; x_wconf 81' lang='lat' dir='ltr'><strong>censuit3</strong></span> <span class='ocrx_word' id='word_1_94' title='bbox 1058 2607 1122 2665; x_wconf 81' lang='lat' dir='ltr'><strong>quae</strong></span> <span class='ocrx_word' id='word_1_95' title='bbox 1140 2587 1277 2647; x_wconf 84' lang='lat' dir='ltr'><strong>sententie</strong></span> <span class='ocrx_word' id='word_1_96' title='bbox 1289 2585 1441 2655; x_wconf 83' lang='lat' dir='ltr'><strong>Cucullini,</strong></span> <span class='ocrx_word' id='word_1_97' title='bbox 1460 2584 1497 2642; x_wconf 85' lang='lat' dir='ltr'><strong>ed</strong></span> 
     </span>
     <span class='ocr_line' id='line_1_12' title="bbox 403 2691 1496 2770; baseline -0.004 -18"><span class='ocrx_word' id='word_1_98' title='bbox 403 2711 526 2770; x_wconf 83' lang='lat' dir='ltr'><strong>pugnem</strong></span> <span class='ocrx_word' id='word_1_99' title='bbox 539 2692 659 2764; x_wconf 85' lang='lat' dir='ltr'><strong>erdeuti,</strong></span> <span class='ocrx_word' id='word_1_100' title='bbox 673 2692 766 2770; x_wconf 84' lang='lat' dir='ltr'><strong>potior</strong></span> <span class='ocrx_word' id='word_1_101' title='bbox 781 2692 838 2750; x_wconf 84' lang='lat' dir='ltr'><strong>vise</strong></span> <span class='ocrx_word' id='word_1_102' title='bbox 851 2699 902 2750; x_wconf 87' lang='lat' dir='ltr'><strong>est.</strong></span> <span class='ocrx_word' id='word_1_103' title='bbox 937 2691 1011 2750; x_wconf 84' lang='lat' dir='ltr'><strong>Cum</strong></span> <span class='ocrx_word' id='word_1_104' title='bbox 1027 2705 1122 2752; x_wconf 87' lang='lat' dir='ltr'><strong>eutem</strong></span> <span class='ocrx_word' id='word_1_105' title='bbox 1142 2695 1273 2752; x_wconf 79' lang='lat' dir='ltr'><strong>adversus</strong></span> <span class='ocrx_word' id='word_1_106' title='bbox 1293 2692 1385 2750; x_wconf 83' lang='lat' dir='ltr'><strong>hostes</strong></span> <span class='ocrx_word' id='word_1_107' title='bbox 1399 2691 1496 2749; x_wconf 90' lang='lat' dir='ltr'><strong>tende·</strong></span> 
     </span>
     <span class='ocr_line' id='line_1_13' title="bbox 404 2793 1499 2869; baseline -0.003 -15"><span class='ocrx_word' id='word_1_108' title='bbox 404 2806 457 2866; x_wconf 89' lang='lat' dir='ltr'><strong>ret,</strong></span> <span class='ocrx_word' id='word_1_109' title='bbox 471 2797 561 2856; x_wconf 86' lang='lat' dir='ltr'><strong>tribus</strong></span> <span class='ocrx_word' id='word_1_110' title='bbox 579 2796 734 2856; x_wconf 76' lang='lat' dir='ltr'><strong>fortissimis</strong></span> <span class='ocrx_word' id='word_1_111' title='bbox 752 2793 928 2867; x_wconf 87' lang='lat' dir='ltr'><strong>ductoribus,</strong></span> <span class='ocrx_word' id='word_1_112' title='bbox 944 2793 1042 2867; x_wconf 64' lang='lat' dir='ltr'><strong>Ferri,</strong></span> <span class='ocrx_word' id='word_1_113' title='bbox 1058 2797 1253 2869; x_wconf 88' lang='lat' dir='ltr'><strong>Duchomere,</strong></span> <span class='ocrx_word' id='word_1_114' title='bbox 1267 2806 1297 2855; x_wconf 91' lang='lat' dir='ltr'><strong>et</strong></span> <span class='ocrx_word' id='word_1_115' title='bbox 1309 2794 1435 2863; x_wconf 75' lang='lat' dir='ltr'><strong>canere,</strong></span> <span class='ocrx_word' id='word_1_116' title='bbox 1449 2795 1499 2852; x_wconf 76' lang='lat' dir='ltr'><strong>ab·</strong></span> 
     </span>
     <span class='ocr_line' id='line_1_14' title="bbox 403 2899 1500 2979; baseline -0.002 -21"><span class='ocrx_word' id='word_1_117' title='bbox 403 2901 527 2962; x_wconf 84' lang='lat' dir='ltr'><strong>sentibus</strong></span> <span class='ocrx_word' id='word_1_118' title='bbox 537 2921 546 2969; x_wconf 71' lang='lat'>3</span> <span class='ocrx_word' id='word_1_119' title='bbox 568 2901 666 2971; x_wconf 77' lang='lat' dir='ltr'><strong>Fcere,</strong></span> <span class='ocrx_word' id='word_1_120' title='bbox 687 2899 812 2971; x_wconf 73' lang='lat' dir='ltr'><strong>tandem,</strong></span> <span class='ocrx_word' id='word_1_121' title='bbox 831 2918 966 2971; x_wconf 78' lang='lat' dir='ltr'><strong>reversus,</strong></span> <span class='ocrx_word' id='word_1_122' title='bbox 981 2899 1172 2960; x_wconf 77' lang='lat' dir='ltr'><strong>Duchomeris</strong></span> <span class='ocrx_word' id='word_1_123' title='bbox 1191 2909 1220 2958; x_wconf 89' lang='lat' dir='ltr'><strong>et</strong></span> <span class='ocrx_word' id='word_1_124' title='bbox 1238 2899 1500 2979; x_wconf 20' lang='lat' dir='ltr'><strong>Cebedisnmortem</strong></span> 
     </span>
     <span class='ocr_line' id='line_1_15' title="bbox 404 3001 1498 3081; baseline 0 -21"><span class='ocrx_word' id='word_1_125' title='bbox 404 3003 489 3062; x_wconf 79' lang='lat' dir='ltr'>refert</span> <span class='ocrx_word' id='word_1_126' title='bbox 497 3025 506 3072; x_wconf 68' lang='grc' dir='ltr'><strong>ς</strong></span> <span class='ocrx_word' id='word_1_127' title='bbox 527 3003 602 3062; x_wconf 91' lang='lat' dir='ltr'><strong>unde</strong></span> <span class='ocrx_word' id='word_1_128' title='bbox 619 3003 754 3081; x_wconf 77' lang='lat' dir='ltr'><strong>digressus</strong></span> <span class='ocrx_word' id='word_1_129' title='bbox 768 3009 861 3080; x_wconf 82' lang='lat' dir='ltr'><strong>poete,</strong></span> <span class='ocrx_word' id='word_1_130' title='bbox 875 3004 1036 3080; x_wconf 80' lang='lat' dir='ltr'><strong>lacrymose</strong></span> <span class='ocrx_word' id='word_1_131' title='bbox 1050 3005 1175 3076; x_wconf 73' lang='lat' dir='ltr'><strong>Murum,</strong></span> <span class='ocrx_word' id='word_1_132' title='bbox 1189 3003 1321 3062; x_wconf 85' lang='lat' dir='ltr'><strong>Cormnci</strong></span> <span class='ocrx_word' id='word_1_133' title='bbox 1339 3001 1415 3072; x_wconf 71' lang='lat' dir='ltr'><strong>filie,</strong></span> <span class='ocrx_word' id='word_1_134' title='bbox 1429 3001 1498 3072; x_wconf 77' lang='lat' dir='ltr'><strong>fate,</strong></span> 
     </span>
     <span class='ocr_line' id='line_1_16' title="bbox 405 3106 1499 3186; baseline 0 -22"><span class='ocrx_word' id='word_1_135' title='bbox 405 3108 477 3184; x_wconf 74' lang='lat' dir='ltr'><strong>aptis</strong></span> <span class='ocrx_word' id='word_1_136' title='bbox 490 3107 527 3164; x_wconf 86' lang='lat' dir='ltr'><strong>ed</strong></span> <span class='ocrx_word' id='word_1_137' title='bbox 539 3107 745 3166; x_wconf 80' lang='lat' dir='ltr'><strong>miserationem</strong></span> <span class='ocrx_word' id='word_1_138' title='bbox 756 3109 846 3166; x_wconf 87' lang='lat' dir='ltr'><strong>verbis</strong></span> <span class='ocrx_word' id='word_1_139' title='bbox 860 3107 997 3170; x_wconf 84' lang='lat' dir='ltr'><strong>celebret.</strong></span> <span class='ocrx_word' id='word_1_140' title='bbox 1025 3112 1052 3168; x_wconf 87' lang='lat' dir='ltr'>A</span> <span class='ocrx_word' id='word_1_141' title='bbox 1065 3110 1203 3179; x_wconf 73' lang='lat' dir='ltr'><strong>Serrano,</strong></span> <span class='ocrx_word' id='word_1_142' title='bbox 1214 3107 1262 3186; x_wconf 93' lang='lat' dir='ltr'><strong>qui</strong></span> <span class='ocrx_word' id='word_1_143' title='bbox 1274 3107 1396 3165; x_wconf 82' lang='lat' dir='ltr'><strong>Arnonis</strong></span> <span class='ocrx_word' id='word_1_144' title='bbox 1410 3106 1499 3164; x_wconf 86' lang='lat' dir='ltr'><strong>filiurn</strong></span> 
     </span>
     <span class='ocr_line' id='line_1_17' title="bbox 405 3210 1499 3289; baseline -0.002 -21"><span class='ocrx_word' id='word_1_145' title='bbox 405 3210 580 3288; x_wconf 76' lang='lat' dir='ltr'><strong>speculatum</strong></span> <span class='ocrx_word' id='word_1_146' title='bbox 595 3211 768 3288; x_wconf 68' lang='lat' dir='ltr'><strong>premiserat</strong></span> <span class='ocrx_word' id='word_1_147' title='bbox 779 3212 848 3270; x_wconf 91' lang='lat' dir='ltr'><strong>dum</strong></span> <span class='ocrx_word' id='word_1_148' title='bbox 868 3213 926 3289; x_wconf 85' lang='lat' dir='ltr'><strong>ipse</strong></span> <span class='ocrx_word' id='word_1_149' title='bbox 946 3213 1036 3271; x_wconf 83' lang='lat' dir='ltr'><strong>eciem</strong></span> <span class='ocrx_word' id='word_1_150' title='bbox 1055 3214 1215 3280; x_wconf 83' lang='lat' dir='ltr'><strong>instrueret,</strong></span> <span class='ocrx_word' id='word_1_151' title='bbox 1230 3210 1247 3268; x_wconf 77' lang='grc' dir='ltr'>ὲ</span> <span class='ocrx_word' id='word_1_152' title='bbox 1261 3211 1413 3288; x_wconf 86' lang='lat' dir='ltr'><strong>longinquo</strong></span> <span class='ocrx_word' id='word_1_153' title='bbox 1427 3210 1499 3266; x_wconf 83' lang='lat' dir='ltr'><strong>visus</strong></span> 
     </span>
     <span class='ocr_line' id='line_1_18' title="bbox 405 3312 1500 3386; baseline 0 -16"><span class='ocrx_word' id='word_1_154' title='bbox 405 3321 448 3370; x_wconf 78' lang='lat' dir='ltr'><strong>est</strong></span> <span class='ocrx_word' id='word_1_155' title='bbox 469 3312 623 3372; x_wconf 87' lang='lat' dir='ltr'><strong>Cucullinis</strong></span> <span class='ocrx_word' id='word_1_156' title='bbox 647 3313 800 3372; x_wconf 84' lang='lat' dir='ltr'><strong>exercitus.</strong></span> <span class='ocrx_word' id='word_1_157' title='bbox 843 3315 967 3372; x_wconf 84' lang='lat' dir='ltr'><strong>Amonis</strong></span> <span class='ocrx_word' id='word_1_158' title='bbox 988 3315 1072 3386; x_wconf 84' lang='lat' dir='ltr'><strong>filius,</strong></span> <span class='ocrx_word' id='word_1_159' title='bbox 1093 3314 1248 3374; x_wconf 88' lang='lat' dir='ltr'><strong>Cucuiiiuis</strong></span> <span class='ocrx_word' id='word_1_160' title='bbox 1270 3333 1385 3373; x_wconf 90' lang='lat' dir='ltr'><strong>currum</strong></span> <span class='ocrx_word' id='word_1_161' title='bbox 1410 3314 1500 3372; x_wconf 81' lang='lat' dir='ltr'><strong>mine-</strong></span> 
     </span>
     <span class='ocr_line' id='line_1_19' title="bbox 406 3413 1501 3508; baseline 0.003 -34"><span class='ocrx_word' id='word_1_162' title='bbox 406 3433 527 3493; x_wconf 86' lang='lat' dir='ltr'><strong>cemque</strong></span> <span class='ocrx_word' id='word_1_163' title='bbox 538 3413 624 3494; x_wconf 74' lang='lat' dir='ltr'><strong>ipsids</strong></span> <span class='ocrx_word' id='word_1_164' title='bbox 637 3415 730 3474; x_wconf 88' lang='lat' dir='ltr'><strong>herois</strong></span> <span class='ocrx_word' id='word_1_165' title='bbox 743 3423 889 3493; x_wconf 72' lang='lat' dir='ltr'><strong>aspectum</strong></span> <span class='ocrx_word' id='word_1_166' title='bbox 903 3415 1031 3474; x_wconf 73' lang='lat' dir='ltr'><strong>Surreno</strong></span> <span class='ocrx_word' id='word_1_167' title='bbox 1045 3417 1186 3476; x_wconf 82' lang='lat' dir='ltr'><strong>describit.</strong></span> <span class='ocrx_word' id='word_1_168' title='bbox 1199 3483 1212 3508; x_wconf 45' lang='grc' dir='ltr'><strong><em>ο</em></strong></span> <span class='ocrx_word' id='word_1_169' title='bbox 1222 3418 1355 3476; x_wconf 82' lang='lat' dir='ltr'><strong>Proelinm</strong></span> <span class='ocrx_word' id='word_1_170' title='bbox 1371 3419 1501 3477; x_wconf 91' lang='lat' dir='ltr'><strong>commit·</strong></span> 
     </span>
     <span class='ocr_line' id='line_1_20' title="bbox 408 3519 1500 3594; baseline 0.003 -17"><span class='ocrx_word' id='word_1_171' title='bbox 408 3519 487 3579; x_wconf 89' lang='lat' dir='ltr'><strong>titur.</strong></span> <span class='ocrx_word' id='word_1_172' title='bbox 525 3519 664 3589; x_wconf 77' lang='lat' dir='ltr'><strong>Victoria,</strong></span> <span class='ocrx_word' id='word_1_173' title='bbox 689 3529 773 3577; x_wconf 87' lang='lat' dir='ltr'><strong>nocte</strong></span> <span class='ocrx_word' id='word_1_174' title='bbox 796 3520 971 3590; x_wconf 87' lang='lat' dir='ltr'><strong>edveniente,</strong></span> <span class='ocrx_word' id='word_1_175' title='bbox 995 3520 1131 3579; x_wconf 91' lang='lat' dir='ltr'><strong>indubio</strong></span> <span class='ocrx_word' id='word_1_176' title='bbox 1156 3531 1208 3580; x_wconf 86' lang='lat' dir='ltr'><strong>est.</strong></span> <span class='ocrx_word' id='word_1_177' title='bbox 1253 3521 1396 3594; x_wconf 85' lang='lat' dir='ltr'><strong>Cuculiin,</strong></span> <span class='ocrx_word' id='word_1_178' title='bbox 1421 3541 1500 3581; x_wconf 90' lang='lat' dir='ltr'><strong>more</strong></span> 
     </span>
     <span class='ocr_line' id='line_1_21' title="bbox 408 3614 1501 3703; baseline 0.003 -21"><span class='ocrx_word' id='word_1_179' title='bbox 408 3623 560 3700; x_wconf 78' lang='lat' dir='ltr'><strong>majorum,</strong></span> <span class='ocrx_word' id='word_1_180' title='bbox 579 3641 630 3702; x_wconf 87' lang='lat' dir='ltr'><strong>per</strong></span> <span class='ocrx_word' id='word_1_181' title='bbox 647 3621 779 3680; x_wconf 86' lang='lat' dir='ltr'><strong>Cerulem</strong></span> <span class='ocrx_word' id='word_1_182' title='bbox 800 3623 883 3680; x_wconf 73' lang='lat' dir='ltr'><strong>Fene</strong></span> <span class='ocrx_word' id='word_1_183' title='bbox 897 3620 997 3692; x_wconf 83' lang='lat' dir='ltr'><strong>filium,</strong></span> <span class='ocrx_word' id='word_1_184' title='bbox 1018 3614 1149 3695; x_wconf 74' lang='lat' dir='ltr'><strong>berdum,</strong></span> <span class='ocrx_word' id='word_1_185' title='bbox 1167 3624 1327 3684; x_wconf 76' lang='lat' dir='ltr'><strong>Sucronem</strong></span> <span class='ocrx_word' id='word_1_186' title='bbox 1348 3627 1384 3683; x_wconf 84' lang='lat' dir='ltr'><strong>ed</strong></span> <span class='ocrx_word' id='word_1_187' title='bbox 1404 3626 1501 3703; x_wconf 88' lang='lat' dir='ltr'><strong>epuies</strong></span> 
     </span>
     <span class='ocr_line' id='line_1_22' title="bbox 409 3724 1502 3812; baseline 0.004 -28"><span class='ocrx_word' id='word_1_188' title='bbox 409 3725 461 3784; x_wconf 72' lang='lat' dir='ltr'><strong>rire</strong></span> <span class='ocrx_word' id='word_1_189' title='bbox 482 3735 575 3785; x_wconf 83' lang='lat' dir='ltr'><strong>vocet.</strong></span> <span class='ocrx_word' id='word_1_190' title='bbox 609 3725 719 3784; x_wconf 86' lang='lat' dir='ltr'><strong>Suernn</strong></span> <span class='ocrx_word' id='word_1_191' title='bbox 741 3725 900 3785; x_wconf 83' lang='lat' dir='ltr'><strong>convivium</strong></span> <span class='ocrx_word' id='word_1_192' title='bbox 921 3725 1069 3784; x_wconf 80' lang='lat' dir='ltr'><strong>detrectet.</strong></span> <span class='ocrx_word' id='word_1_193' title='bbox 1103 3724 1348 3812; x_wconf 31' lang='lat' dir='ltr'><strong>Cernl&#39;Cucullini</strong></span> <span class='ocrx_word' id='word_1_194' title='bbox 1367 3729 1502 3788; x_wconf 86' lang='lat' dir='ltr'><strong>Crimoris</strong></span> 
     </span>
     <span class='ocr_line' id='line_1_23' title="bbox 411 3826 1501 3910; baseline 0.004 -22"><span class='ocrx_word' id='word_1_195' title='bbox 411 3837 441 3888; x_wconf 87' lang='lat' dir='ltr'><strong>ct</strong></span> <span class='ocrx_word' id='word_1_196' title='bbox 464 3826 625 3888; x_wconf 84' lang='lat' dir='ltr'><strong>Bressolisre</strong></span> <span class='ocrx_word' id='word_1_197' title='bbox 652 3829 797 3890; x_wconf 79' lang='lat' dir='ltr'><strong>historiam</strong></span> <span class='ocrx_word' id='word_1_198' title='bbox 825 3839 931 3889; x_wconf 83' lang='lat' dir='ltr'><strong>nerret.</strong></span> <span class='ocrx_word' id='word_1_199' title='bbox 972 3826 1087 3888; x_wconf 76' lang='lat' dir='ltr'><strong>conam</strong></span> <span class='ocrx_word' id='word_1_200' title='bbox 1113 3831 1234 3902; x_wconf 88' lang='lat' dir='ltr'><strong>monitu,</strong></span> <span class='ocrx_word' id='word_1_201' title='bbox 1261 3851 1348 3910; x_wconf 86' lang='lat' dir='ltr'><strong>perve</strong></span> <span class='ocrx_word' id='word_1_202' title='bbox 1371 3834 1501 3910; x_wconf 85' lang='lat' dir='ltr'><strong>quaedem</strong></span> 
     </span>
     <span class='ocr_line' id='line_1_24' title="bbox 410 3933 1501 4016; baseline 0.004 -24"><span class='ocrx_word' id='word_1_203' title='bbox 410 3953 508 3992; x_wconf 86' lang='lat' dir='ltr'><strong>menne</strong></span> <span class='ocrx_word' id='word_1_204' title='bbox 521 3933 698 4011; x_wconf 73' lang='lat' dir='ltr'><strong>speculatum</strong></span> <span class='ocrx_word' id='word_1_205' title='bbox 711 3933 909 4014; x_wconf 70' lang='lat' dir='ltr'><strong>premittiturr</strong></span> <span class='ocrx_word' id='word_1_206' title='bbox 930 3935 1012 3994; x_wconf 84' lang='lat' dir='ltr'><strong>etsie</strong></span> <span class='ocrx_word' id='word_1_207' title='bbox 1030 3933 1148 3996; x_wconf 85' lang='lat' dir='ltr'><strong>historie</strong></span> <span class='ocrx_word' id='word_1_208' title='bbox 1165 3955 1259 3997; x_wconf 89' lang='lat' dir='ltr'><strong>rerum</strong></span> <span class='ocrx_word' id='word_1_209' title='bbox 1277 3936 1369 4016; x_wconf 86' lang='lat' dir='ltr'><strong>primo</strong></span> <span class='ocrx_word' id='word_1_210' title='bbox 1382 3937 1427 3996; x_wconf 92' lang='lat' dir='ltr'><strong>die</strong></span> <span class='ocrx_word' id='word_1_211' title='bbox 1440 3955 1501 4014; x_wconf 84' lang='lat' dir='ltr'><strong>ges·</strong></span> 
     </span>
     <span class='ocr_line' id='line_1_25' title="bbox 410 4037 705 4100; baseline 0.007 -3"><span class='ocrx_word' id='word_1_212' title='bbox 410 4047 503 4098; x_wconf 84' lang='lat' dir='ltr'><strong>terum</strong></span> <span class='ocrx_word' id='word_1_213' title='bbox 516 4037 705 4100; x_wconf 87' lang='lat' dir='ltr'><strong>concluditur.</strong></span> 
     </span>
    </p>
   </div>
   <div class='ocr_carea' id='block_1_3' title="bbox 0 0 2118 5972">
    <p class='ocr_par' dir='ltr' id='par_1_4' title="bbox 0 0 2118 5972">
     <span class='ocr_line' id='line_1_26' title="bbox 0 0 2118 5972; baseline 0 0"><span class='ocrx_word' id='word_1_214' title='bbox 0 0 2118 5972; x_wconf 95' lang='lat' dir='ltr'><strong> </strong></span> 
     </span>
    </p>
   </div>
  </div>
 </body>
</html>
