4194 6006
361 777 396 830 v.
418 757 603 840 463495.
818 757 1028 840 FINGAL.
1416 769 1482 840 221

363 979 462 1054 Cum
480 989 547 1052 tua
563 1001 660 1053 voce
679 1005 786 1078 aeque
805 1005 941 1054 canora
958 1006 1003 1056 ac
1022 980 1168 1059 cithara
1185 1005 1236 1058 ex
1254 981 1417 1064 adverso

363 1120 409 1194 In
427 1121 513 1195 aula
529 1121 641 1194 Turae
659 1117 884 1219 poculorum
903 1117 1158 1222 hospitalium,

363 1262 415 1336 Et
432 1261 546 1338 dictis
559 1260 742 1364 jucundis
761 1259 879 1335 instar
896 1261 992 1336 roris

364 1403 443 1490 Qui
463 1404 568 1478 cadit
584 1400 809 1500 tranquillus
828 1427 939 1501 super
955 1403 1067 1501 plana
1084 1404 1283 1498 clivorum,

366 1543 531 1630 Quando
548 1541 759 1644 perrumpit
776 1542 832 1616 sol
851 1567 1053 1643 vaporem,

367 1682 483 1760 Carul
500 1686 681 1786 temporis
698 1684 799 1784 quod
818 1683 924 1776 abiit,

367 1827 495 1914 Quare
513 1825 653 1904 venisti
670 1823 745 1899 huc
764 1821 787 1898 a
805 1823 884 1912 filio
903 1825 1032 1902 Semi?

421 1931 444 2009 ‘l
457 1966 627 2056 Ossiane,
648 1991 780 2047 manus
799 1977 955 2041 strenua
971 1967 1197 2065 gladiorum,

366 2107 435 2182 Est
451 2106 710 2206 magisterium
732 2107 940 2182 carminum
958 2107 1127 2208 tibiipsi,
1363 2112 1482 2210 [tima

367 2249 417 2322 Es
435 2249 502 2322 diu
519 2249 613 2322 mihi
630 2258 744 2322 notus
766 2247 857 2346 (sub
874 2273 960 2330 mea
977 2248 1117 2325 notitia
1133 2246 1235 2326 haud
1254 2255 1406 2351 manca)
1425 2255 1483 2336 in-

368 2389 518 2462 Summe
538 2387 620 2462 dux
640 2389 857 2470 certaminis
875 2403 1129 2480 strenuorum,

369 2531 473 2630 Saepe
492 2531 662 2630 percussi
681 2556 754 2630 ego
773 2531 957 2606 citharam
975 2529 1152 2632 nympha

369 2669 578 2760 Evirallini‚
599 2671 706 2770 cujus
725 2683 807 2746 erat
825 2696 963 2770 magna
979 2669 1190 2760 modestia3

370 2810 475 2911 Saepe
493 2809 663 2901 elevasti,
684 2836 771 2885 curn
788 2812 921 2911 plausu
938 2813 1079 2914 populi,

369 2952 489 3026 Tuam
508 2977 644 3026 vocem
661 2964 901 3054 praestantem
920 2953 1022 3026 inter
1039 2954 1248 3031 cantilenas
1265 2953 1435 3047 fortium,

370 3093 417 3166 In
434 3093 519 3166 auid
536 3093 691 3168 Brannae
710 3091 938 3168 concharum
959 3090 1215 3192 hospitalium.

372 3231 447 3308 Die
467 3232 629 3331 quodam
649 3233 870 3308 introduxit
890 3234 956 3308 illa
971 3233 1011 3306 in
1029 3247 1184 3308 cantum

371 3375 539 3448 Mortem
559 3373 734 3451 Cormaci
746 3375 903 3475 juvenis
921 3375 1056 3451 herois.

371 3515 525 3589 Extulit
542 3515 716 3588 laudibus
734 3515 799 3590 illa
818 3541 904 3590 cum
922 3515 1054 3590 dolore
1073 3516 1308 3610 bellatorem,

372 3655 451 3742 Qui
469 3666 680 3756 prostratus
695 3667 754 3728 est
770 3651 809 3728 in
828 3657 926 3729 colle
943 3655 992 3729 ab
1009 3680 1077 3730 suo
1094 3683 1233 3737 amore.

373 3794 466 3870 Erat
482 3821 582 3895 gena
599 3795 712 3870 rubra
729 3796 809 3868 lota
824 3796 995 3892 [suffusa]
1013 3798 1203 3898 lacrymis,

373 3938 423 4014 Et
441 3943 508 4013 tua
524 3963 624 4038 gena
643 3937 770 4026 etiam,
792 3935 968 4036 princeps
986 3964 1124 4038 magne
1142 3940 1379 4043 principum;

372 4081 467 4155 Erat
485 4080 567 4180 ejus
586 4078 713 4152 anima
727 4089 861 4152 natans
879 4079 920 4152 in
938 4104 1088 4178 vapore,

374 4219 457 4294 Etsi
473 4245 550 4295 non
568 4229 669 4294 esset
686 4217 830 4294 dilecta
848 4217 903 4292 illi
916 4219 1075 4319 juvenis
1095 4219 1317 4319 capillatus;

373 4359 464 4435 Erat
480 4385 576 4462 pura
594 4359 695 4434 inter
712 4358 831 4432 millia
846 4360 972 4458 virgo,

375 4501 469 4577 Filia
486 4503 643 4576 Brannae
661 4501 884 4600 poculorum
902 4481 1186 4600 hospitalium.’'

428 4649 452 4682 “
469 4641 531 4715 Ne
550 4642 716 4740 loquere,
737 4640 861 4731 Carul,
883 4640 1065 4742 demanu
1082 4644 1246 4721 candida
1257 4673 1268 4737 ;

374 4783 436 4858 Ne
454 4807 593 4858 revoca
608 4783 829 4858 memoriam
847 4782 1144 4885 pulchritudinis
1163 4785 1257 4863 mihi
1278 4787 1359 4889 ipsi.
