4224 5996
409 840 444 892 v.
466 822 648 892 erl-em.
864 813 1071 888 FlNGAL.

342 1055 345 1060 ’
408 1037 583 1111 Delaturi
602 1037 683 1137 ejus
702 1035 820 1110 verba
838 1047 940 1110 trans
958 1037 1100 1112 clivum
1120 1036 1166 1111 ad
1186 1039 1375 1138 populum.

410 1178 456 1252 In
475 1178 629 1252 Cromla
647 1177 749 1251 sedit
766 1203 837 1251 rex
855 1180 1024 1271 sublime,

409 1319 459 1392 Et
476 1319 723 1392 movebamur
739 1343 808 1393 nos
826 1333 871 1394 ut
886 1320 1113 1394 movebatur
1131 1319 1211 1420 ejus
1230 1320 1389 1418 gladius.

459 1461 606 1535 Oborta
624 1475 681 1534 est
696 1461 832 1536 laetitia
848 1462 975 1536 animo
993 1459 1146 1536 Oscaris
1164 1461 1355 1560 generosi,

410 1603 522 1677 Gena
540 1600 755 1676 rubicunda
773 1613 813 1676 et
831 1604 942 1677 oculo
961 1603 1030 1677 sub
1048 1602 1240 1701 lacrymis,

409 1745 535 1818 Instar
553 1743 768 1842 radii-ignis
787 1743 937 1842 gladius
956 1741 1032 1818 fuit
1050 1743 1132 1842 ejus
1149 1743 1189 1816 in
1209 1767 1333 1833 manu,

409 1885 459 1960 Et
477 1885 663 1959 allocutus
682 1896 740 1958 est
757 1884 958 1959 Ossianum
977 1909 1063 1958 curn
1083 1884 1279 1968 blanditia,

413 2027 634 2124 “Princeps
654 2025 902 2099 certaminum
921 2024 1097 2098 durarum
1115 2025 1322 2124 plagarum,

410 2168 525 2243 Pater
542 2167 659 2248 solers
677 2168 851 2242 ausculta
869 2191 989 2240 meam
1008 2191 1168 2256 vocem3

410 2307 658 2382 Proficiscere
677 2307 724 2381 ad
744 2273 876 2406 regern
895 2307 1094 2382 Morvenis
1113 2305 1281 2397 strenui;
1388 2304 1525 2402 [fama.

409 2448 470 2522 Da
500 2447 593 2522 mihi
622 2449 725 2546 quod
757 2447 850 2522 mihi
880 2449 1041 2524 debeter
1066 2451 1207 2546 [meum
1235 2447 1422 2543 debitum]
1452 2461 1527 2524 tue

409 2589 446 2664 si
465 2591 597 2664 cadam
616 2615 689 2689 ego
707 2589 772 2664 hic
790 2592 830 2664 in
847 2591 993 2691 proelio,
1032 2687 1035 2694 Ι

409 2731 669 2806 Reminiscere
687 2731 810 2805 sinum
830 2731 1036 2806 candidum
1056 2732 1174 2806 instar
1190 2732 1302 2822 nivis,

408 2871 431 2946 J
435 2871 635 2948 ubar-solis
654 2871 695 2945 in
713 2896 779 2946 sua
796 2872 1014 2963 solitudine,
1034 2897 1160 2947 meum
1179 2897 1356 2964 amorem,

410 3013 569 3086 Manum
588 3011 788 3088 candidam
806 3013 892 3086 filiae
908 3013 1084 3088 Toscaris
1101 3013 1357 3088 exercituum.

409 3154 479 3228 Est
497 3155 578 3254 ejus
596 3181 697 3256 gena
714 3153 927 3230 rubicunda
943 3155 983 3229 in
1002 3179 1093 3254 rupe
1113 3155 1213 3230 ultra
1233 3155 1377 3254 (mare)

408 3297 600 3372 Inclinata
616 3297 721 3371 lente
738 3321 849 3396 super
867 3295 1000 3386 rivum,

409 3435 501 3536 Ejus
520 3437 678 3535 capillus
696 3436 820 3511 mollis
839 3435 944 3510 fusus
959 3435 1069 3558 ¹circa
1087 3447 1214 3536 caput,

409 3579 497 3677 Ipsa
515 3578 691 3680 elevante
710 3577 759 3651 de
777 3577 920 3652 Oscare
940 3603 1087 3653 vocem.

409 3717 563 3792 Nuncia
580 3743 662 3793 esse
679 3743 741 3792 me
759 3717 798 3793 in
816 3718 1041 3819 praecipitio,

410 3859 543 3933 Meum
562 3873 754 3960 spectrum
776 3861 898 3959 (esse)
922 3859 1003 3936 sine
1022 3861 1150 3936 colore
1170 3862 1209 3936 in
1229 3875 1356 3954 vento,

410 3999 678 4093 Occursurum,
701 4028 812 4103 super
829 4003 970 4076 nubem
985 4029 1069 4101 quae
1085 4014 1143 4077 est
1159 4005 1286 4094 velox,

410 4117 508 4215 Meae
526 4141 669 4234 laudi*
689 4142 774 4216 filiae
792 4143 968 4218 Toscaris
986 4143 1172 4220 heroici.”

462 4289 485 4323 “
504 4280 650 4375 Cende,
672 4284 802 4374 Oscar,
824 4284 955 4374 conde¹
966 4310 1026 4359 me
1046 4285 1085 4360 in
1103 4285 1368 4386 sepulchrum

410 4421 501 4498 Non
519 4422 651 4497 cedam
669 4417 743 4523 ego
762 4425 802 4499 in
820 4426 934 4501 rebus
953 4427 1057 4501 duris
1076 4428 1254 4525 cuiquam
1272 4441 1439 4518 strenuo,

412 4561 510 4637 Curn
526 4563 596 4637 sim
614 4589 687 4663 ego
702 4565 741 4640 in
754 4567 877 4666 primo
893 4568 1102 4643 certamine
1119 4569 1189 4643 sub
1204 4568 1526 4659 dura-armatura3

408 4702 555 4803 Accipe
571 4687 904 4804 notitiamsdisce]
923 4708 1169 4786 victoriarum
1188 4735 1209 4784 a
1225 4734 1297 4784 me.

408 4843 619 4934 Memento,
641 4844 772 4935 Oscar,
795 4846 918 4920 conde
937 4873 1064 4922 meum
1083 4849 1265 4947 gladium,

660 5009 676 5044 ⁸
689 5011 709 5070 i.
724 5029 750 5069 e.
765 5009 860 5087 virgini
874 5030 938 5088 quae
955 5032 973 5070 a
987 5032 1032 5070 me
1046 5013 1188 5075 laudatur.

459 5151 558 5205 ΤΟΜ.
581 5153 631 5207 11.
932 5155 963 5204 M
