4172 5982
350 854 387 906 v.
409 841 587 920 los-129.
804 835 1010 914 FINGAL.
1417 851 1466 935 67

347 1054 526 1155 Sponsam
543 1055 757 1149 formosam,
779 1057 886 1159 cujus
903 1061 1126 1138 altissimum
1145 1076 1203 1142 est
1218 1081 1365 1169 pectus.

346 1194 436 1270 Non
454 1209 513 1302 est
529 1207 654 1272 metus
671 1197 763 1272 mihi
780 1223 878 1274 mors
896 1199 962 1275 sed
980 1200 1094 1300 fuga3

345 1333 458 1410 Vidit
474 1336 607 1436 Fingal
624 1361 745 1412 meam
763 1338 961 1414 victoriam
979 1341 1019 1415 in
1037 1345 1181 1442 proelio.

346 1475 382 1549 Ο
399 1491 588 1577 spectrum
607 1477 719 1552 inane
736 1480 978 1578 scopulorum
995 1493 1204 1577 acutorum,

346 1615 518 1690 Ostende
535 1614 628 1690 mihi
645 1629 685 1692 te
703 1618 827 1717 ipsum
845 1620 926 1694 sine
944 1622 1072 1712 mord3

344 1755 445 1830 Veni
462 1770 505 1831 tu
524 1756 563 1830 in
581 1756 735 1856 fulgure
753 1759 944 1854 coelorum,
970 1779 973 1792 ·

324 1896 396 1971 -Et
410 1922 562 1973 cernam
580 1923 707 1974 meum
724 1899 845 1974 fatum
862 1900 902 1973 in
920 1899 984 1976 tud
1001 1926 1141 1978 manu:

345 2035 458 2112 Haud
475 2038 622 2137 fugiam
640 2061 714 2138 ego
732 2064 754 2112 a
769 2039 944 2134 Suarano,
964 2066 988 2117 o
1008 2054 1211 2143 spectrum,

344 2176 489 2254 Umbra
505 2179 601 2253 levis
619 2177 741 2254 inanis
760 2179 880 2256 venti.

343 2315 472 2415 Surge,
493 2319 546 2392 fili
564 2318 748 2417 Colgaris,
769 2331 809 2394 et
825 2332 985 2420 percute

344 2457 533 2559 Clypeum
549 2458 839 2558 umbonigerum
857 2486 1034 2538 sonorum
1051 2466 1237 2565 altorum;

342 2595 450 2670 Inter
467 2599 573 2672 binas
590 2597 715 2674 hastas
734 2601 902 2676 cernitur
919 2603 984 2676 ille
1002 2630 1122 2709 supra.

342 2734 505 2836 Surgant
521 2737 654 2814 heroes
672 2739 916 2816 victoriarum
939 2743 1018 2820 sine
1037 2731 1296 2847 cunctatione,

341 2875 446 2952 Inter
464 2880 666 2956 conflictus
682 2894 722 2956 et
738 2883 869 2982 proelia
884 2883 1026 2960 Iernes.

342 3017 570 3116 Quanquam
587 3021 696 3122 piger
716 3022 822 3122 (diu)
844 3024 894 3098 sit
910 3025 949 3100 in
967 3027 1158 3106 veniendo
1175 3030 1253 3109 huc

341 3156 473 3256 Fingal
491 3139 905 3258 animumanimum,

341 3297 588 3373 Committam
607 3303 872 3400 (percutiam),
893 3304 1024 3398 Conal,
1048 3311 1234 3408 proelium,

341 3438 497 3514 Etiamsi
515 3466 667 3516 casurus
684 3441 754 3514 sim
771 3442 840 3516 sub
858 3445 937 3518 telo
954 3444 1152 3522 fortium.''

387 3581 539 3680 Sparsus
557 3592 745 3682 estsuper
762 3583 1026 3660 declivitatem
1045 3613 1176 3665 eorum
1195 3594 1376 3696 clangor;

338 3711 591 3797 surrexerunt
606 3721 740 3798 heroes
758 3723 1003 3802 victoriarum
1021 3729 1090 3804 sub
1107 3733 1230 3826 armis,

337 3859 444 3934 Sicut
460 3862 669 3963 prorumpit
686 3865 841 3939 dorsum
859 3873 1165 3946 atro-caeruleum
1182 3875 1367 3957 undarum

337 3997 493 4074 Oceano
514 4001 706 4078 existente
725 4003 794 4078 sub
812 4010 1097 4104 perturbatione
1114 4020 1375 4115 procellarum,

337 4137 531 4216 Steterunt
548 4143 604 4217 illi
622 4144 799 4244 ingentes
818 4171 930 4247 super
947 4149 1049 4226 erica

337 4277 461 4355 Instar
479 4307 686 4380 quercuum
705 4312 793 4362 cum
811 4279 962 4367 exuviis
980 4295 1127 4374 circum
1146 4301 1281 4403 capita,

338 4418 502 4504 Quando
521 4424 671 4499 auditur
688 4451 756 4526 per
773 4432 864 4529 gelu
883 4443 1030 4528 ventus,

335 4553 450 4632 Foliis
468 4561 582 4636 aridis
601 4565 911 4648 se·fuudentibus
927 4599 996 4675 per
1012 4577 1163 4658 vallem.

337 4696 478 4774 Canuit
496 4702 597 4778 acies
614 4707 775 4784 nubium
791 4710 832 4786 in
850 4713 1003 4790 Cromla
1012 4743 1024 4808 ς

332 4835 506 4918 Tremuit
523 4843 660 4920 diesin
679 4873 830 4948 aequore
848 4855 992 4946 oceani,
