4194 6006
404 795 441 848 v.
463 777 642 852 rso—157.
855 765 1061 843 FINGAL
1188 775 1192 782 '
1452 779 1521 854 197

401 989 453 1065 Et
470 990 550 1091 ipse
568 989 668 1066 solus
686 988 735 1064 de
753 987 821 1064 sud
837 969 950 1063 tribu.

400 1131 487 1206 Rex
506 1129 716 1222 Morvenis‚
737 1131 845 1230 cujus
863 1154 1003 1228 magna
1020 1143 1079 1233 est
1096 1128 1207 1245 fama,
1305 1207 1308 1214 A

398 1271 436 1348 Si
450 1271 556 1346 ivero
571 1297 644 1372 ego
658 1283 745 1373 post
759 1284 917 1382 tergum,
923 1273 1134 1371 [superatus
1148 1273 1273 1370 fuero]
1287 1273 1328 1350 in
1341 1275 1537 1366 certando,

397 1413 444 1487 In
461 1411 588 1488 medie
606 1413 711 1488 Lend
729 1415 838 1488 eleva
855 1425 898 1487 tu
915 1437 1043 1488 meum
1060 1415 1272 1506 tumulum

395 1553 453 1629 Sit
469 1553 712 1655 sepulchrum
729 1553 822 1630 mihi
840 1554 1050 1630 maximum
1067 1553 1107 1628 in
1124 1557 1233 1632 saltu.

393 1693 626 1769 Transmitte
642 1695 828 1795 perviam
846 1695 1034 1770 undarum

392 1835 453 1910 Ad
473 1835 633 1911 insulam
650 1836 804 1912 navium
822 1859 946 1910 meum
965 1835 1136 1935 gladium

390 1974 453 2049 Ad
470 1975 676 2077 nympham
694 1977 769 2052 mei
787 1977 980 2068 desiderii,
1002 2003 1085 2076 quae
1104 1989 1163 2052 est
1178 1979 1307 2077 gravis

391 2115 468 2190 Sub
487 2116 604 2210 luctu,
626 2141 757 2192 manus
776 2117 938 2194 candida
955 2117 1129 2193 ciliorum
1147 2119 1349 2194 lentorum.

390 2257 581 2342 Ostendat
597 2258 662 2333 illa
678 2258 1034 2358 duram-chalybem
1056 2285 1124 2334 suo
1142 2258 1232 2351 filio,

389 2397 584 2498 Lacrymis
603 2399 844 2476 currentibus
863 2427 950 2476 cum
968 2413 1169 2475 venustate
1187 2397 1210 2474 d
1226 2399 1367 2498 gente

441 2545 465 2581 “
483 2541 606 2615 Heros
619 2540 785 2641 juvenis,
808 2541 917 2642 cujus
935 2553 995 2617 est
1010 2543 1188 2616 luctuosa
1203 2539 1380 2642 narratio,
1504 2605 1508 2612 .

388 2679 517 2766 Quare
536 2703 574 2755 es
592 2691 637 2755 tu
652 2706 778 2757 coram
795 2706 857 2756 me
875 2681 915 2755 in
933 2681 1138 2784 lacrymis?

386 2820 481 2895 Sunt
496 2821 555 2896 sui
573 2821 653 2897 dies
671 2822 918 2899 bellatoribus
936 2822 977 2897 in
994 2821 1163 2923 planitie,

387 2958 557 3035 Cement
573 2961 628 3036 sui
648 2962 759 3038 liberi
777 2989 909 3038 eorum
927 2989 1029 3040 arma
1044 2964 1203 3063 egregia

384 3101 462 3176 Sub
479 3101 673 3204 ferrugine
692 3115 732 3179 et
748 3106 826 3181 situ
843 3106 883 3180 in
901 3107 997 3180 ault.
1080 3073 1093 3086 Ἰ

382 3241 485 3334 Orla,
505 3257 637 3344 surget
653 3258 740 3321 tuus
757 3248 925 3322 tumulus
944 3247 984 3321 in
1001 3249 1132 3338 altum,
1329 3247 1496 3345 [crymis,

380 3384 467 3459 Erit
489 3411 599 3477 uxor,
629 3388 738 3489 cujus
762 3399 822 3464 est
837 3387 1152 3464 formosissimum
1176 3388 1329 3480 collum,
1357 3387 1426 3462 sub
1444 3388 1498 3463 la·

381 3525 546 3612 Quando
564 3539 743 3602 cernetur
758 3553 871 3628 super
888 3553 1007 3604 assem
1026 3540 1113 3606 tuus
1136 3529 1327 3630 gladius.”
1385 3617 1396 3643 θ

379 3737 382 3746 .
430 3666 641 3742 Commissa
657 3679 716 3742 est
733 3693 862 3768 pugna
878 3669 918 3743 in
936 3671 1038 3746 eries
1056 3671 1194 3763 Lente3

354 3807 359 3819 '
376 3807 465 3883 Fuit
482 3809 629 3884 infirma
645 3809 685 3884 in
703 3810 785 3911 ejus
802 3811 925 3911 plagis
943 3837 1074 3888 manus
1093 3811 1217 3902 Orlae3

374 3949 552 4026 Abscissa
568 3961 657 4026 sunt
674 3977 696 4026 a
715 3951 871 4050 Fingale
889 3979 911 4026 a
927 3977 967 4028 se
986 3953 1156 4027 invicem

374 4091 541 4168 Vincula
555 4093 723 4172 lororum
742 4093 822 4194 ejus
840 4093 940 4170 scuti
958 4094 998 4168 in
1016 4093 1307 4168 concertatione
1317 4120 1329 4185 ς

377 4230 533 4310 Cecidit
549 4246 701 4310 scutum
718 4234 1011 4335 umbonigerum
1028 4234 1068 4309 in
1086 4248 1246 4332 terram,¹

373 4373 431 4450 Ut
447 4375 537 4449 luna
552 4375 591 4449 in
610 4377 687 4451 sale
704 4375 774 4450 sub
792 4389 921 4467 vento.

425 4522 450 4557 “
469 4515 554 4590 Rex
574 4517 783 4610 Morvenis,
805 4519 897 4594 tolle
916 4531 1019 4594 tuam
1036 4545 1201 4612 manum,

370 4653 498 4730 Trude
517 4655 687 4754 gladium
704 4683 774 4758 per
790 4683 916 4734 meum
935 4675 1080 4762 pectus,
1099 4661 1221 4752 heros,

370 4793 531 4873 Plenum
548 4798 784 4894 vulneribus,
805 4813 847 4878 et
861 4801 1087 4902 languidum
1105 4829 1127 4878 e
1144 4799 1294 4905 proelior
