4184 5998
379 781 418 832 v.
441 757 625 838 tto-467.
841 753 1071 830 TEMORA.

379 977 476 1051 Sunt
493 989 619 1078 patres
636 977 711 1051 mei
730 976 1017 1052 sc-inclinantes
1036 973 1152 1048 asnis
1170 972 1335 1047 nubibus

380 1117 441 1192 Ad
460 1118 681 1217 languidum
699 1119 773 1192 iter
790 1117 847 1191 sui
865 1115 949 1192 cani
969 1115 1049 1192 filii.

381 1257 435 1331 At
451 1283 528 1332 non
546 1258 782 1355 relinquetur
798 1259 904 1332 locus
922 1257 986 1331 hic
1004 1257 1083 1357 ipse

380 1398 469 1472 Sine
488 1398 747 1474 coruscamine
766 1409 945 1496 surgente
964 1394 1009 1470 ad
1030 1395 1111 1494 ejus
1129 1393 1277 1472 famam.

382 1525 467 1643 Erit
485 1565 590 1614 meus
609 1539 753 1613 animus
771 1538 872 1612 sicut
889 1538 1025 1612 rutilus
1044 1547 1188 1611 tractus
1208 1539 1389 1614 coelorum

385 1679 514 1754 Bardis
533 1705 639 1754 orum
657 1679 923 1754 blandorum.'’

433 1819 592 1895 Sustulit
607 1819 714 1896 Ullin
734 1822 819 1894 vela
836 1819 999 1896 candida
1017 1843 1145 1894 versus
1163 1820 1362 1895 orientem.

387 1959 609 2058 (Incubuit)
628 1959 811 2059 percussit
826 1973 961 2034 ventus
979 1985 1091 2061 super
1104 1961 1260 2036 fluctum
1278 1959 1300 2034 a
1317 1959 1497 2050 meridie3

385 2101 504 2174 Saluit
521 2102 648 2176 classis
668 2102 799 2176 Selmae
817 2114 918 2176 trans
937 2125 1133 2176 oceanum.

384 2241 535 2348 Stabam
554 2267 627 2342 ego
646 2244 715 2317 sub
734 2243 943 2318 tetricitate
961 2267 1011 2316 ex
1030 2242 1189 2316 adverso

384 2381 473 2457 Sine
492 2409 587 2459 voce
606 2385 710 2458 lenta
728 2383 774 2458 ad
791 2409 917 2460 aurem
934 2382 957 2458 a
973 2407 1033 2457 me
1052 2383 1146 2484 ipso,

386 2523 503 2598 Erant
521 2524 742 2598 convivium
762 2535 801 2598 et
818 2525 969 2624 epulum
988 2547 1100 2624 super
1117 2525 1219 2599 clivo
1238 2523 1417 2599 Molenae.

387 2663 631 2738 Immiserunt
643 2663 802 2763 amplius
817 2687 929 2761 quam
945 2677 1099 2737 centum
1114 2664 1195 2737 sine
1210 2663 1347 2763 injuria
1360 2663 1429 2738 sub
1443 2664 1514 2738 tel·

387 2803 589 2903 Ingcntem
611 2803 812 2879 Carbarem
831 2803 991 2878 turrium
1009 2804 1217 2878 arduarum.
1368 2805 1504 2902 [lurern

389 2945 500 3020 Haud
515 2945 666 3022 auditus
681 2957 738 3020 cst
751 2955 883 3020 cantus
897 2943 945 3018 ab
958 2967 1088 3017 corum
1103 2969 1167 3018 ore
1182 2943 1221 3017 in
1234 2943 1316 3044 ejus
1334 2943 1503 3034 laudem;

388 3085 474 3160 Fuit
492 3086 573 3186 ejus
597 3085 742 3160 animus
759 3083 954 3182 (turbidus
974 3095 1013 3158 et
1030 3083 1311 3183 sanguinarius)
1329 3084 1397 3158 sub
1421 3085 1504 3184 pul·

388 3225 601 3300 Recordati.
612 3234 701 3298 sunt
718 3223 824 3298 bardi
847 3247 999 3322 regem:
1125 3228 1229 3323 [vere
1249 3237 1289 3300 et
1307 3224 1502 3324 sangnine.

389 3367 516 3453 Quare
534 3377 634 3439 esset
653 3363 793 3439 Carbar
811 3365 850 3438 in
869 3364 1116 3439 contentione
1135 3367 1371 3440 carminum?

440 3505 595 3581 Cecidit
615 3507 774 3580 amictus
792 3507 918 3581 noctis
937 3506 976 3580 in
995 3505 1197 3608 circuitum
1213 3535 1222 3598 3

392 3649 630 3726 Cemebatur
646 3647 806 3747 superne
823 3647 846 3720 a
864 3659 1019 3722 centum
1038 3646 1235 3721 arboribus

391 3757 613 3864 coruscatio
631 3788 891 3861 flammescens
909 3787 1011 3861 circa
1028 3812 1145 3886 genas
1163 3787 1331 3863 nubium.
1377 3881 1380 3888 Ι

390 3927 552 4004 Sedebat
569 3927 702 4027 Fingal
720 3927 789 4002 sub
808 3951 950 4024 quercu
968 3927 1238 4025 ardui-(loci);

389 4067 520 4144 Stabat
537 4067 679 4142 Althan
697 4067 907 4142 carminum
927 4092 973 4141 eo
991 4093 1117 4142 coram

391 4206 487 4281 Cum
506 4206 662 4282 historia
678 4207 750 4280 atri
768 4205 894 4281 luctts
914 4207 962 4282 de
982 4207 1180 4301 Cormaco,

391 4347 532 4422 Althan
550 4348 647 4422 filius
666 4346 896 4422 Conacharis
914 4345 1082 4440 heroum,

328 4597 334 4608 .
392 4489 548 4564 Amicus
566 4489 758 4564 bellatoris
776 4489 906 4588 magni
924 4515 1064 4566 currus.

391 4628 479 4702 Fuit
498 4629 579 4728 ejus
596 4627 780 4704 habitatio
800 4629 910 4704 simul
927 4657 1014 4706 cum
1036 4631 1221 4736 Cormaco
1238 4635 1319 4734 ipso

391 4771 437 4844 In
454 4772 614 4847 Temora
632 4771 844 4846 validorum
863 4781 1078 4862 ventorum,
