4224 5996
431 801 469 854 v.
486 787 670 864 aro-297.
884 777 1090 854 FINGAL·
1482 784 1547 860 165

427 1002 744 1102 Unamquamque
761 1013 925 1077 mortem
944 1027 1026 1100 quae
1046 1002 1180 1077 extitit
1197 1003 1267 1079 sub
1285 1002 1429 1080 hastis?

425 1141 649 1216 Assurrexit
665 1165 771 1215 meus
788 1142 937 1239 gladius
955 1144 994 1217 in
1014 1169 1059 1218 eo
1077 1157 1250 1246 tempore

427 1279 485 1357 Ut
500 1282 632 1381 fulgur
650 1280 688 1354 in
706 1307 790 1356 mea
806 1307 919 1358 manu
937 1281 978 1356 in
995 1309 1141 1385 campo.

427 1423 558 1514 Osear,
580 1423 689 1496 fuisti
706 1421 918 1498 horrendus
937 1425 1088 1525 tuipse,

425 1565 485 1640 Mi
504 1565 661 1664 egregie
678 1565 732 1638 fili
751 1564 815 1662 qui
835 1563 942 1640 fuisti
960 1579 1135 1643 strenuus
1153 1579 1194 1641 et
1211 1567 1376 1668 optimus
1389 1567 1411 1660 ;'

424 1707 512 1782 Fuit
529 1707 709 1806 gaudium
728 1707 768 1782 in
786 1731 872 1781 meo
891 1707 1015 1781 animo
1033 1705 1074 1779 in
1092 1716 1223 1780 monte

424 1847 530 1923 Inter
548 1849 860 1948 conspiciendum
878 1859 963 1921 tuas
980 1848 1109 1946 plagas
1127 1847 1168 1920 in
1185 1846 1332 1948 proelio.

422 1989 469 2063 In
488 1991 590 2065 clivo
610 1991 723 2065 Lenae
741 1988 1003 2064 inclinavit-se
1021 1989 1205 2088 populus3

421 2129 580 2228 Sequuti
598 2155 725 2205 sumus
742 2155 812 2205 nos
828 2129 961 2228 fugam
979 2139 1019 2202 et
1034 2127 1320 2205 trucidavimus.
1415 2129 1536 2228 [tium,

420 2268 546 2344 Instar
562 2270 731 2370 lapidum
748 2270 1017 2346 resultantium
1034 2297 1056 2344 a
1073 2269 1283 2372 praecipitio
1301 2272 1349 2346 ad
1367 2273 1540 2374 praecipi·

420 2409 544 2484 Instar
562 2410 751 2486 securium
769 2411 808 2484 in
826 2409 921 2482 silva
939 2423 1140 2496 resonante
1158 2413 1243 2504 alte,

419 2549 476 2624 Ut
492 2549 570 2624 ruit
589 2551 730 2624 tonitru
747 2551 769 2623 a
787 2563 916 2625 monte
935 2550 982 2624 ad
1000 2565 1182 2645 montem,

419 2691 670 2792 Interruptus,
692 2689 977 2782 fremebundus,
998 2693 1192 2767 luctuosus
1211 2718 1331 2794 supra,

419 2833 506 2909 Fuit
523 2833 622 2908 ictus
640 2859 753 2935 super
770 2832 902 2928 ictum,
925 2846 965 2908 et
981 2833 1093 2933 plaga
1109 2857 1222 2935 super
1238 2834 1387 2933 plagam

417 2973 478 3048 Ab
497 2972 640 3050 Oscare
658 2986 814 3048 strenuo
833 2987 873 3048 et
889 2971 912 3046 a
927 2975 1012 3049 mea
1028 2973 1318 3080 durs-chalybe.

469 3113 699 3190 Circumivit
715 3115 898 3189 Suaranus
915 3115 1125 3215 principem
1143 3113 1318 3204 telorum,

418 3254 556 3332 Filium
574 3257 722 3330 Mornae
737 3267 969 3356 praeeuntem
988 3255 1152 3356 populo;
1196 3285 1202 3312 ν

415 3395 473 3476 Ut
490 3422 610 3497 equor
626 3381 829 3472 Inistorcae'
842 3395 943 3471 haud
961 3395 1082 3495 parce,

414 3539 602 3638 Tempore
621 3563 696 3639 quo
713 3537 883 3637 repletur
900 3537 1046 3611 viribus
1064 3535 1210 3613 oceani.

414 3679 703 3754 Semi-surrexit
721 3703 792 3753 rex
810 3679 851 3752 in
869 3680 1162 3768 arduo-monte3
1185 3717 1187 3720 ·

413 3819 737 3921 Semi-prehendit
754 3847 867 3896 manu
884 3820 1042 3896 hastam.

415 3969 440 4002 “
455 3959 638 4053 Procede,
658 3961 776 4056 Ullin,
798 3962 966 4060 procede
984 3961 1198 4053 confestim,
1222 3960 1361 4052 bardc;

403 4101 545 4177 Perfer
555 4127 688 4178 meum
703 4102 924 4178 mandatum
943 4103 1025 4177 sine
1041 4129 1146 4178 mora
1161 4115 1266 4177 trans
1285 4127 1468 4202 campum.

411 4243 514 4318 Dato
532 4245 753 4318 memoriam
771 4244 939 4341 [revoca]
957 4243 1174 4318 certaminis
1193 4243 1320 4336 Gallo,

410 4385 635 4458 Memoriam
653 4396 801 4484 patrum
819 4383 884 4482 qui
902 4396 1162 4460 curvaverunt
1179 4411 1287 4460 suum
1306 4395 1431 4484 caput,

408 4524 550 4602 Excita
571 4536 763 4600 certamen
783 4539 908 4618 cantu,

409 4665 538 4741 Cantu
556 4691 631 4764 quo
651 4665 933 4767 expergiscitur
948 4667 1162 4767 proelium.”

408 4807 584 4884 Perrexit
600 4807 707 4883 Ullin
726 4831 896 4906 magnus,
918 4809 1026 4908 cujus
1045 4821 1127 4884 erat
1142 4808 1270 4884 senilis
1288 4831 1448 4907 gressus,
