4184 5998
400 765 439 820 v.
456 747 640 828 saa-409.
832 737 1075 816 'TEMORA.
1448 739 1519 810 355

401 964 568 1052 Quando
585 962 812 1039 audiebatur
828 962 876 1037 ab
896 957 1180 1038 eximio-heroe
1198 957 1279 1061 ejus
1297 979 1401 1052 vox;

401 1106 520 1182 Erant
536 1107 713 1206 lacryma
731 1105 912 1181 cadentes
930 1103 1107 1179 deorsum
1124 1125 1191 1204 per
1208 1101 1291 1202 ejus
1308 1125 1458 1200 genam,

402 1247 533 1324 Vento
550 1245 695 1347 frigido
712 1256 873 1321 sonante
890 1243 930 1319 in
948 1243 1028 1345 ejus
1047 1243 1172 1320 barbl.

455 1389 612 1464 Cecidit
627 1413 781 1470 somnus
798 1386 902 1462 eirca
919 1385 1098 1462 caernleos
1117 1385 1249 1461 oculos
1266 1384 1408 1462 Iernes.

346 1531 348 1534 ’
406 1531 518 1632 Haud
538 1531 614 1606 suit
631 1553 784 1606 somnus
802 1525 1064 1604 strenuo-viro
1084 1525 1189 1602 circa
1205 1529 1287 1628 ejus
1305 1528 1449 1604 oculos.

406 1669 578 1748 Obscurb
597 1671 637 1746 in
653 1671 735 1772 ejus
753 1653 880 1746 animo
898 1683 1119 1770 surgentem

262 1869 266 1876 ·
406 1813 613 1914 Ingentem
632 1811 836 1889 Carbarem
853 1811 1078 1888 damnorum
1095 1812 1165 1887 sub
1183 1827 1327 1912 vapore

407 1953 518 2030 Vidit
535 1954 600 2030 ille
618 1953 699 2030 sine
719 1968 834 2030 cantu
851 1965 918 2029 aut
936 1953 1102 2029 camnine

406 2095 527 2197 Super
542 2095 694 2170 flamine
712 2095 949 2170 innatantem
966 2093 1086 2170 nocti.

407 2235 669 2339 Experrectus
687 2247 746 2311 est
763 2247 804 2310 et
820 2235 945 2310 movit
963 2234 1027 2310 ille
1045 2252 1174 2335 passus

407 2379 456 2454 In
473 2379 721 2454 extremitate
739 2375 994 2452 centuriarum
1011 2401 1133 2475 nsque
1151 2375 1200 2450 ad
1218 2397 1347 2452 earum
1364 2386 1526 2478 tergum,

409 2521 634 2598 Percutiens
652 2519 831 2620 elypeum
848 2518 1140 2620 umbonigerum
1157 2519 1366 2619 plagarum.

410 2663 531 2738 Venit
548 2689 662 2738 sonus
680 2661 727 2735 ad
745 2679 865 2736 meam
886 2681 1016 2736 aurem
1033 2661 1338 2738 in'obseuritate'

412 2801 459 2878 In
477 2803 684 2904 supercilio
702 2801 954 2878 torvomusci
972 2801 1105 2876 Morae.

467 2951 491 2986 “
506 2943 531 3020 J
535 2944 668 3019 uvenis
687 2943 813 3034 Folan‚
835 2955 892 3016 est
910 2940 1030 3016 hostis
1048 2907 1313 3034 iter-faciens;

412 3081 590 3162 Perfcetb
609 3083 722 3158 audio
741 3105 815 3184 ego
834 3056 1011 3182 clypeum
1029 3081 1260 3182 proeliorum.

413 3225 487 3316 Sta,
509 3224 671 3316 cheros,
692 3224 732 3298 in
749 3223 929 3322 [cratere]
945 3224 1133 3324 angustiis
1152 3223 1362 3326 clivorum
1402 3228 1530 3324 [tores.¹

414 3345 619 3468 Inspiciam
639 3391 713 3466 ego
730 3389 852 3465 usque
869 3365 917 3441 ad
934 3363 1214 3466 perfectionem
1232 3367 1535 3444 eximios-bella·

417 3507 455 3585 Si
473 3509 684 3585 calcaverit
705 3507 851 3606 [turbs]
876 3507 1035 3610 populus
1054 3533 1166 3610 super
1180 3533 1304 3586 meam
1322 3517 1511 3586 mortem*

416 3649 476 3724 Ab
495 3649 662 3724 umbone
681 3649 774 3724 tolle
792 3649 868 3724 alte
885 3649 1076 3742 sonitum
1115 3693 1123 3714 ·
1186 3651 1539 3750 [lium-saxosamm

306 3887 311 3894 .
415 3789 721 3892 Expergefacito
742 3791 940 3891 Fingalem
961 3791 1219 3892 [vigilantem]
1242 3794 1283 3869 in
1301 3794 1447 3894 vigiliis
1467 3821 1549 3872 mo·

416 3931 660 4031 Aliquandiu,
680 3957 730 4007 ne
747 3931 886 4008 abeant
903 3933 985 4034 ejus
1003 3932 1105 4010 fama
1121 3947 1161 4010 et
1178 3935 1260 4036 ejus
1278 3935 1453 4012 victoria.

418 4073 487 4150 Me
505 4087 694 4176 pergente
712 4073 753 4149 in
770 4073 919 4149 tonitru
935 4091 1148 4168 armorum.

420 4215 520 4291 Meis
538 4217 686 4316 magnis
705 4216 873 4318 passibus
887 4229 991 4294 trans
1004 4218 1106 4294 rivos
1124 4219 1356 4312 salientibus,
1387 4221 1538 4320 [virum
1658 4243 1661 4252 ·

421 4357 499 4444 Qui
515 4359 812 4457 obliquabantur
829 4385 897 4460 per
913 4361 1189 4438 obscuritatem
1202 4374 1302 4439 'ante
1322 4363 1524 4466 egregium

421 4499 569 4600 Regem
588 4501 698 4576 Athae
715 4501 935 4604 proeliorum
953 4515 994 4582 et
1010 4505 1218 4605 plagarum,

421 4641 555 4716 Statim
576 4641 685 4718 venit
703 4668 773 4719 rex
791 4643 902 4720 Athae
920 4645 990 4721 sub
1007 4643 1116 4721 hasti
1158 4683 1170 4708 ·

421 4783 563 4860 Versrls
581 4809 708 4860 meum
726 4786 800 4860 iter
816 4811 883 4886 per
900 4785 1098 4887 planitiem
1116 4788 1165 4862 in
1174 4813 1328 4893 vapore.

718 4969 735 5004 ⁴
754 4969 773 5030 i.
788 4989 814 5031 o.
829 4989 924 5031 meum
938 4983 1083 5030 mortuum
1096 4991 1209 5052 corpus.
