4194 6006
411 759 449 814 v.
472 736 651 812 3560383.
854 733 1060 811 FINGAL.

463 966 473 999 ‘
492 957 635 1031 Carber
652 980 772 1032 senex
791 953 1024 1032 concharum
1036 953 1310 1056 hospitalium,'

409 1097 525 1171 Dixit
541 1095 717 1196 nympha,
739 1097 847 1197 cujus
865 1105 947 1170 erat
964 1094 1184 1170 mollissima
1199 1121 1341 1188 manus,

412 1235 524 1311 ‘Erit
539 1261 645 1311 meus
663 1261 773 1312 arcus
792 1235 832 1311 in
850 1236 1004 1311 Cromla
1019 1235 1229 1328 clivornm;
1397 1223 1402 1230 ⁴

406 1378 533 1454 Video
553 1403 627 1478 ego
647 1401 829 1479 capream,
851 1401 936 1474 que
954 1390 1013 1452 est
1029 1376 1148 1468 fusca,
1170 1377 1210 1452 in
1227 1377 1512 1453 mole-saxosa’

408 1519 625 1596 Confestim
644 1541 846 1620 progressa
862 1527 923 1592 est
939 1517 1005 1592 illa
1021 1517 1181 1592 adverso
1199 1529 1342 1611 monte,
1424 1493 1430 1506 ’

403 1660 494 1736 Non
513 1659 622 1734 venit
636 1659 701 1734 illa
717 1658 791 1733 nisi
808 1659 928 1734 tarde.

402 1801 490 1877 Fuit
507 1813 701 1876 certamen
719 1809 956 1874 transactum
975 1823 1064 1874 cum
1080 1799 1230 1874 damno.

401 1941 530 2028 Quare
547 1953 676 2015 narret
692 1940 914 2016 conflictum
933 1965 1087 2016 carmen

400 2082 500 2180 Regi
518 2082 649 2156 Selmae
668 2079 732 2177 qui
752 2079 854 2155 vidit
871 2081 1064 2156 centurias

400 2221 653 2298 Committcre
671 2221 845 2322 proelium
863 2234 1103 2296 strenuorum
1123 2247 1210 2298 cum
1229 2223 1388 2322 gladiis!

399 2362 555 2440 Cecidit
570 2363 691 2457 Udin,
711 2363 821 2462 cujus
840 2372 920 2436 emt
936 2361 1124 2436 serissima
1140 2363 1298 2462 species,

396 2507 518 2581 Venit
535 2505 770 2603 Lamdargus
788 2503 870 2577 sinc
887 2503 1017 2578 colore
1034 2503 1082 2578 ad
1100 2503 1319 2603 nympham,

394 2645 527 2720 Filiam
542 2642 751 2732 Tuathalis,
773 2651 882 2743 cujus
900 2655 1009 2720 erant
1025 2644 1195 2744 plurimae
1213 2643 1399 2738 victoriae,

395 2785 532 2885 Magni
548 2785 728 2885 principis
747 2785 961 2884 gladiorum
981 2799 1021 2860 et
1038 2785 1242 2860 hastarum.

446 2934 456 2967 ‘
473 2923 543 3000 Est
558 2925 721 3024 sanguis,
742 2925 794 2997 mi
812 2927 945 3015 amor,’
966 2925 1051 3024 (iila
1067 2925 1244 3002 intuente
1261 2927 1445 3024 mortem)

395 3074 405 3108 ‘
422 3065 491 3140 Est
508 3065 661 3164 sanguis
679 3066 719 3140 in
736 3078 804 3141 tuo
821 3067 952 3157 latere,
972 3067 1025 3140 mi
1042 3066 1153 3142 heros
1164 3071 1189 3142 l’

395 3214 405 3250 ‘
424 3207 582 3306 Sanguis
600 3205 740 3281 Ullinis
758 3211 845 3297 est’
863 3207 966 3280 dixit
983 3207 1159 3298 bellator,

394 3359 403 3389 ‘
421 3346 602 3447 Nympha
619 3347 737 3422 instar
753 3347 853 3422 nivis
871 3349 1280 3426 molium-saxosamm.

390 3491 437 3564 In
454 3489 529 3564 hoc
548 3489 628 3590 ipso
649 3489 791 3588 (loco),
809 3488 1021 3564 Galchossa
1038 3491 1114 3566 mei
1131 3491 1280 3582 amoris,

389 3629 475 3704 Sine
493 3627 586 3702 mihi
607 3630 855 3728 (extendam)
876 3655 1003 3705 meum
1020 3631 1172 3706 dorsum
1190 3632 1231 3705 in
1246 3631 1350 3724 solc3

385 3769 494 3846 Abiit
509 3795 595 3844 mea
611 3769 745 3861 anima,
766 3795 845 3846 nan
859 3771 1008 3872 perdidi
1024 3797 1148 3848 meam
1165 3771 1332 3853 famm’

386 3911 512 3988 Subiit
530 3910 762 4012 Lamdargus
780 3911 939 3988 niniam
956 3923 1130 3991 mortem.

439 4056 526 4130 ‘An
543 4051 720 4126 cecidisti
739 4065 782 4126 tu
800 4052 1030 4128 insomnem
1049 4079 1217 4155 gravem,

385 4195 566 4295 Princeps
582 4194 692 4269 Turae
710 4193 974 4270 colliculorum
992 4221 1209 4297 asperomm
1224 4200 1249 4272 Ι’

383 4336 476 4411 Tres
494 4335 575 4410 dies
593 4335 693 4410 sedit
710 4336 775 4410 illa
790 4336 831 4410 in
848 4337 951 4412 nuda
967 4338 1092 4429 term

383 4474 539 4550 Invenit
557 4489 716 4552 venator
734 4479 775 4552 in
790 4491 928 4576 quanto
946 4479 1047 4554 iilam
1067 4491 1263 4556 mortuam.

380 4616 575 4716 Aggestus
594 4631 652 4692 est
668 4619 834 4694 tumulus
853 4620 955 4696 circa
970 4621 1103 4710 trinos,

382 4756 468 4833 Rex
488 4757 698 4852 Morvenis,
719 4757 760 4833 in
778 4760 914 4835 tellure
932 4758 1004 4834 hac
1021 4759 1112 4859 ipsa.
