4184 5998
384 801 421 854 v.
444 779 626 855 oso-663.
828 779 1058 856 TEMORA.

381 999 538 1074 Cecidit
555 1001 593 1074 in
612 999 808 1076 domicilio
825 1026 1051 1102 proavorum
1068 1002 1253 1103 princeps,

240 1237 245 1245 Ι
379 1139 471 1240 Ejus
490 1140 636 1240 capillis
656 1140 830 1215 formosis
848 1143 983 1242 sparsis
1001 1167 1113 1243 super
1130 1144 1275 1234 tellure,

377 1281 428 1357 Et
447 1282 552 1357 fumo
570 1281 763 1380 sanguinis
783 1281 823 1354 in
842 1283 1055 1358 circuitum.

431 1424 562 1498 ‘Num
582 1423 726 1498 cecidit
744 1423 783 1496 in
802 1423 912 1514 aulas
931 1423 1034 1498 dixit
1053 1424 1178 1516 Carul,

380 1562 519 1636 ‘Filius
537 1563 730 1655 Arthonis‚
752 1565 861 1665 cujus
879 1575 962 1640 erat
979 1566 1076 1640 lidus
1093 1579 1133 1640 et
1150 1591 1369 1666 generosus,

376 1702 465 1776 Sine
483 1703 620 1802 clypeo
640 1702 853 1778 Cuculliuis
872 1705 1065 1780 existente
1084 1733 1171 1783 cum
1190 1735 1247 1800 eo,

377 1843 450 1917 Vel
468 1843 577 1918 hasta
592 1845 720 1944 patris,
740 1846 869 1944 magni
886 1846 1041 1921 herois?

375 1983 476 2058 Estis
494 1981 675 2084 lugubres
693 2011 773 2078 vos,
795 2011 818 2060 o
836 1988 953 2062 colles
972 1989 1114 2076 lennes,
1286 1993 1491 2090 [populum.

374 2127 447 2200 Illo
469 2129 567 2225 (non
586 2128 738 2202 valente
756 2128 931 2227 surgere)
953 2128 1034 2202 sine
1059 2129 1250 2227 surgendo
1268 2129 1368 2206 inter
1385 2158 1494 2208 suum

376 2268 456 2344 Pax
479 2267 568 2366 (sit)
590 2293 678 2342 cum
696 2269 761 2342 tud
779 2267 902 2342 animd
920 2267 1048 2366 ipsius,
1071 2295 1094 2344 o
1114 2268 1310 2364 Cormace,

376 2407 487 2482 Ivisti
507 2420 549 2482 tu
567 2409 636 2482 sub
654 2409 829 2483 tenebras
849 2409 887 2481 in
900 2408 1137 2508 juventute.’

425 2549 625 2624 Venerunt
643 2549 760 2625 verba
779 2548 926 2624 Carulis
944 2577 1091 2626 sursum

375 2689 436 2764 Ad
454 2715 581 2764 aurem
601 2689 777 2766 Carbaris
797 2690 966 2766 ruforum
989 2691 1236 2800 capillorum.-

377 2831 524 2907 Clausit
542 2833 606 2906 ille
626 2832 764 2906 bardos
783 2833 853 2906 sub
872 2832 1066 2921 tenebris;

376 2974 506 3072 Metus
525 2987 607 3048 erat
625 2973 680 3047 illi
699 2973 747 3047 de
765 2972 934 3072 gladium
953 2971 1203 3048 extendendo
1288 2977 1365 3072 [tus
1383 2987 1493 3051 esset.

312 3157 317 3168 ι
373 3113 434 3187 Ad
448 3113 595 3205 bardos,
611 3137 824 3212 quanquam
841 3123 963 3186 atrum
978 3123 1018 3186 et
1036 3112 1174 3189 laevum
1189 3115 1270 3217 ejus
1285 3117 1391 3216 (cor)
1406 3143 1495 3218 pec·

374 3253 452 3328 Diu
470 3254 609 3327 fuimus
628 3278 697 3327 nos
715 3253 784 3327 sub
804 3279 974 3328 moerore.

372 3394 493 3468 Venit
512 3393 695 3469 Cathmor
714 3395 904 3494 egregius,
925 3395 1125 3496 princeps3

373 3534 535 3608 Audivit
552 3534 619 3608 ille
635 3547 782 3608 nostras
801 3561 917 3610 voces
934 3537 955 3610 ὲ
975 3538 1162 3612 caverna:

375 3673 503 3750 Vertit
521 3675 562 3748 ill
580 3701 688 3750 suum
707 3676 889 3750 intuitum
908 3679 1006 3753 save

373 3815 418 3890 In
436 3817 638 3892 Carbarem
657 3831 820 3892 atratum
839 3817 1130 3918 cogitationum.

430 3965 440 3999 ‘
458 3959 589 4033 Frater
607 3959 850 4049 Cathmoris,'
869 3959 972 4035 dixit
989 3961 1112 4050 heros,

378 4106 388 4140 ‘
406 4101 602 4185 Quamdiu
620 4101 692 4174 erit
709 4101 818 4175 dolor
835 4125 947 4200 super
965 4101 1048 4175 mea
1066 4113 1207 4194 mente,

371 4239 454 4313 Tuo
474 4239 588 4315 corde
607 4241 688 4316 sine
711 4241 954 4341 benignitate
973 4245 1091 4318 instar
1106 4245 1222 4345 rupis,

372 4381 463 4455 Tuis
483 4382 785 4482 cogitationibus
803 4381 924 4482 plenis
942 4384 1138 4483 sanguine,
1160 4397 1201 4460 et
1218 4385 1418 4465 obscuris?

372 4523 424 4596 At
442 4549 480 4598 es
498 4523 618 4599 frater
634 4537 678 4598 tu
697 4523 893 4599 Cathmori
913 4523 983 4624 ipsi
998 4549 1007 4614 ;

370 4661 454 4738 Erit
471 4662 653 4739 Cathmor
670 4691 757 4741 cum
775 4663 1040 4738 necessitate*
1060 4664 1100 4738 in
1119 4668 1338 4744 certamine.

373 4800 486 4878 Haud
505 4805 646 4881 similes
665 4821 754 4883 sunt
770 4810 892 4884 nostri
910 4810 1037 4902 animi,
1060 4835 1083 4884 o
1101 4810 1288 4914 princeps,

746 4973 762 5009 ⁸
774 4975 794 5036 i.
805 4995 831 5034 e.
846 4993 912 5036 cum
927 4997 970 5036 res
983 4977 1117 5056 postulet.
