4224 5996
399 770 587 852 vno-73·
850 767 1056 844 FINGAL.

397 987 483 1063 Fuit
500 987 659 1063 radiatio
676 987 764 1064 solis
781 1015 892 1090 super
908 989 1039 1065 eorum
1057 987 1150 1064 duri
1168 986 1345 1086 chalybe.

396 1129 457 1204 Ibi
480 1128 627 1228 (fuere)
650 1127 759 1203 Colla
777 1141 817 1204 et
833 1131 939 1204 Dura
958 1131 1170 1219 vulnerum,

395 1271 480 1368 Tog
499 1281 539 1344 et
557 1268 720 1360 Fresdal‚
742 1271 807 1368 qui
824 1271 931 1346 fuere
949 1269 1094 1359 eximii,

396 1410 501 1484 Dora
516 1407 704 1484 factorum
722 1407 821 1484 haud
840 1411 1020 1485 malorum
1044 1409 1453 1506 [contemnendorum],

396 1548 446 1623 Et
463 1548 572 1640 Dola,
594 1548 853 1649 vir-potentiae
872 1550 912 1624 in
928 1551 1073 1652 proelio,

396 1689 483 1764 Fuit
500 1691 580 1788 ejus
598 1689 748 1788 gladius
765 1691 865 1790 ignis
884 1691 924 1764 in
941 1717 1054 1768 manu
1072 1690 1211 1792 ipsius;
1293 1691 1504 1786 [armature.

396 1827 485 1904 Fuit
507 1853 600 1928 pura
616 1831 800 1930 [elegans]
819 1831 899 1932 ejus
923 1831 1067 1931 species
1089 1829 1129 1906 in
1152 1841 1283 1904 monte
1307 1829 1376 1904 sub
1395 1830 1506 1904 durl-

395 1968 563 2044 Fuerunt
580 1983 669 2044 octo
687 1970 848 2047 Ossiauo
866 1971 940 2046 viri
957 1969 1113 2061 strenui,

398 2110 475 2197 Qui
495 2109 721 2186 transierant
738 2111 819 2186 sine
837 2111 975 2186 damno
992 2135 1059 2210 per
1075 2134 1271 2184 oceanum.

396 2250 533 2326 Adfuit
550 2251 669 2342 Ullin,
690 2251 788 2326 filius
807 2251 1035 2342 certaminis,
1056 2251 1156 2325 iuter
1173 2275 1248 2340 eos,

395 2391 444 2464 Et
462 2391 584 2466 Mulla
601 2391 814 2490 gladiorum
832 2407 872 2466 et
888 2391 1121 2483 facinorum;

395 2531 539 2607 Scallac
557 2531 706 2624 nobilis,
729 2532 838 2634 cujus
857 2545 937 2607 erat
953 2531 1121 2630 benigna
1140 2555 1284 2622 manus,

396 2671 524 2770 Oglan
542 2671 757 2763 iracundus,
779 2671 914 2746 Cardal
935 2671 1016 2746 sine
1034 2683 1162 2762 metu;

394 2811 486 2886 Erat
502 2811 617 2886 Duva
633 2825 743 2888 uatus
761 2813 880 2888 Roeua
897 2837 983 2887 cum
1001 2810 1202 2911 supercilio
1220 2811 1352 2887 mortis

394 2952 557 3028 Adstans
575 2953 616 3028 in
635 2954 789 3028 excelso
807 2953 893 3026 loco
905 2951 1024 3053 juxta
1039 2975 1163 3026 meum
1183 2952 1291 3026 latus.

394 3092 474 3168 Cur
491 3095 532 3168 in
549 3093 693 3168 ultimis
714 3093 869 3192 (esses),
891 3093 996 3192 Ogar
1015 3091 1182 3191 egregie,

394 3233 465 3308 Vir
479 3233 625 3332 inclyte
644 3233 685 3306 iu
702 3232 880 3306 Arduene
898 3231 1036 3306 ericae?

442 3373 622 3448 Occurrit
639 3373 744 3470 Ogar
760 3394 889 3471 aspero
907 3371 1028 3461 Dolae,

394 3515 529 3589 Latere
546 3511 594 3586 ad
611 3513 708 3586 latus
726 3511 765 3585 in
783 3509 940 3611 planitie
956 3509 1127 3585 heroum.

394 3655 480 3730 Fuit
498 3651 701 3728 conflictus
719 3650 931 3752 principum
950 3650 1068 3726 instar
1086 3661 1285 3726 ventorum

334 3777 337 3782 ¹
392 3793 440 3868 ln
457 3817 601 3868 oceano
619 3793 760 3882 insane,
782 3791 889 3891 cujus
909 3801 967 3865 est
985 3791 1264 3891 spumosissima
1279 3792 1391 3867 unda.

396 3934 632 4011 Recordatus
651 3943 709 4007 est
726 3932 831 4030 Ogar
848 3955 955 4006 suum
974 3932 1193 4031 pugionem,
1317 3939 1506 4032 [manum;

392 4068 836 4150 Instrumentum-belli*
856 4069 958 4169 quod
978 4084 1059 4146 erat
1081 4073 1245 4149 maxime
1262 4075 1440 4176 promptu
1457 4075 1504 4150 ad

394 4213 539 4290 Novies
557 4211 820 4318 laceravit-ille
839 4210 987 4286 hostem
1005 4212 1219 4292 adversum.

394 4354 513 4428 Versa
531 4366 589 4428 est
605 4355 773 4453 procella
789 4353 1031 4428 fortitudinis
1043 4355 1174 4454 proelii.

393 4493 469 4567 Ter
485 4493 635 4594 perrupi
654 4519 727 4593 ego
748 4493 910 4569 Cormoci
926 4505 1099 4584 scutum,

395 4631 471 4707 Ter
487 4629 609 4732 fregit
625 4633 800 4733 princeps
818 4659 923 4708 suam
939 4633 1097 4724 hastam,

398 4769 553 4848 Cecidit
570 4785 684 4872 caput
703 4773 784 4874 ejus
802 4773 1002 4848 honestum
1022 4773 1062 4848 iu
1080 4773 1220 4850 clivum
1235 4801 1245 4866 ;

748 4923 750 4926 ⁵
853 4940 1050 5002 *Armorum
