4224 5996
399 740 441 791 vs
457 724 613 800 74-101.
864 715 1069 832 FINGAL.
1445 727 1508 791 151

399 937 559 1011 Iveruut
576 936 687 1012 amici
704 934 883 1036 principis
902 937 971 1011 sub
989 936 1132 1048 fugam.
1198 967 1199 970 ¹

279 1183 282 1192 .
401 1077 632 1174 Quicunque
651 1087 751 1151 esset
768 1075 827 1150 vir
844 1075 909 1172 qui
927 1076 1074 1152 diceret
1092 1074 1195 1166 mihi,
1217 1075 1394 1178 nympha,

401 1215 497 1290 Cum
518 1241 638 1290 essem
657 1241 730 1314 ego
749 1217 789 1288 in
806 1217 1013 1292 certamine
1030 1215 1160 1317 populi
1180 1215 1219 1290 in
1238 1217 1324 1292 luce
1337 1221 1358 1264 *

400 1355 515 1441 Quod
533 1355 655 1430 forem
673 1381 801 1430 coecus
820 1357 1040 1434 tenebrosus
1059 1358 1099 1430 in
1114 1357 1224 1432 luctu

400 1497 592 1594 Peragens
610 1496 678 1570 sub
695 1496 835 1572 nebulb
853 1511 1018 1592 noctem,

398 1636 509 1710 Esset
521 1637 585 1736 jus
606 1638 798 1736 [necesse]
823 1638 879 1712 illi
898 1665 979 1714 esse
997 1640 1038 1712 in
1054 1637 1172 1712 loricd
1189 1647 1345 1709 strenuo

399 1775 487 1850 Sine
505 1777 585 1875 pari
605 1775 644 1850 in
659 1777 782 1876 plagis
801 1778 1024 1876 gladiomm.

447 1916 495 1989 In
513 1915 613 1990 eriob
631 1915 754 2004 Lenae,
777 1916 885 2018 cujus
903 1930 984 1990 erat
1001 1916 1268 1992 obscurissima
1285 1913 1455 2005 torvitas,

399 2055 578 2132 Subsedit
594 2080 764 2131 murmur
781 2067 961 2131 cantuum
978 2054 1025 2130 ad
1044 2069 1191 2144 terram,

399 2197 527 2270 Vento
546 2195 717 2272 variante
733 2196 858 2272 valide
876 2183 1005 2297 supra
1327 2193 1511 2292 [adversa.

400 2319 513 2412 Foliis
542 2335 807 2412 resonantibus
837 2339 906 2413 sub
930 2337 1055 2411 rubris
1084 2335 1279 2411 arboribus
1309 2359 1330 2410 e
1357 2336 1513 2436 regione

398 2477 485 2553 Fuit
501 2501 606 2552 meus
624 2476 786 2552 intuitus
804 2502 935 2553 versus
954 2477 1000 2552 ad
1020 2476 1277 2570 Evirallinem,

400 2616 563 2702 Quando
583 2615 690 2690 venit
707 2615 772 2689 illa
788 2614 829 2690 in
846 2617 933 2692 luce
951 2617 1104 2710 eximit,

397 2757 488 2858 Ejus
507 2758 806 2834 ceruleo-oculo
825 2757 1018 2832 existente
1040 2758 1110 2831 sub
1129 2759 1305 2858 lacrymis
1325 2759 1484 2834 blandis.

395 2900 509 2974 Stetit
529 2887 594 2974 illa
611 2926 721 3000 super
738 2899 819 2975 acie
837 2923 912 2973 suae
930 2898 1052 2992 nubis,

397 3040 504 3116 Voce
524 3041 604 3141 ejus
623 3041 700 3114 oris
718 3041 838 3116 debili
856 3050 896 3114 et
913 3040 1027 3150 lentd.

449 3187 474 3222 “
491 3181 619 3279 Surge,
642 3179 811 3270 Ossiane‚
832 3204 945 3277 surge
963 3179 1149 3270 celeriter,

395 3323 511 3398 Serva
529 3323 649 3395 filium
666 3343 759 3394 meae
779 3319 899 3393 laudis
916 3345 938 3394 a
954 3320 1169 3394 duro-ferro
1186 3319 1422 3418 gladiorum3

395 3464 510 3538 Serva
527 3465 718 3552 Oscarem‚
733 3461 916 3560 juvenem
936 3462 1137 3534 ductorem
1158 3460 1287 3560 populi

396 3601 618 3675 Certantem
637 3626 724 3675 cum
742 3599 1100 3701 septentrionalibus
1118 3599 1158 3674 in
1176 3599 1276 3674 valle
1341 3692 1345 3700 ἱ

395 3743 468 3816 Per
485 3743 582 3816 latus
602 3742 757 3816 Lubaris
775 3741 939 3816 rivorum
956 3739 1229 3815 deficientium.

396 3881 551 3958 Cecidit
568 3882 633 3956 illa
649 3882 776 3958 subito
794 3881 862 3956 sub
880 3905 984 3955 suam
1001 3881 1151 3955 nubem.

395 4023 537 4097 Sustuli
556 4046 629 4121 ego
647 4033 795 4098 scutum
814 4031 854 4096 ct
871 4019 1026 4096 loricam
1043 4020 1198 4111 duram3

393 4163 480 4238 Fuit
495 4163 604 4237 hasta
621 4162 660 4237 in
677 4187 762 4238 mea
777 4187 891 4235 manu
908 4160 949 4234 iu
966 4160 1080 4251 clivo,

392 4303 451 4378 Ab
469 4303 587 4378 lorica
602 4304 687 4377 mea
704 4301 812 4378 fusca
829 4312 932 4374 ortus
956 4313 1014 4376 est
1030 4299 1188 4390 sonitus,
1387 4303 1501 4397 [runt

394 4442 482 4517 Fuit
505 4443 680 4518 materies
705 4443 782 4516 mei
807 4439 983 4516 carminis
1002 4439 1050 4514 de
1067 4440 1301 4542 principibus
1318 4441 1383 4540 qui
1400 4441 1503 4516 abie-

392 4583 595 4672 suffocata,
618 4594 663 4658 ut
680 4593 763 4656 erat
779 4581 945 4670 solitum,
963 4579 1004 4653 in
1019 4603 1104 4654 meo
1123 4605 1197 4658 ore.

393 4723 528 4798 Audiit
547 4722 706 4800 Lochlin
722 4746 889 4796 murmur
907 4745 958 4795 ex
975 4720 1159 4796 adverso:

803 4886 819 4920 ⁶
832 4887 850 4945 i.
864 4905 890 4946 e.
904 4904 960 4944 uon
972 4902 1076 4945 coecus.
