4194 6006
367 763 405 816 v.
427 747 606 816 rso-158.
825 731 1033 810 FINGAL.
1416 739 1490 816 239

368 961 512 1038 Volatu
528 961 677 1036 directo
698 981 855 1035 enervo
872 957 968 1034 duro

370 1103 613 1179 Ceciderunt
625 1099 814 1177 lecti-viri
832 1097 914 1174 sine
928 1097 1058 1174 colore
1072 1097 1206 1199 procul
1221 1093 1484 1172 exadversum.

369 1243 481 1318 Exue
498 1253 541 1317 te
554 1241 673 1317 loricd
689 1267 832 1341 ocyus;

371 1382 482 1460 Nihil
500 1397 540 1458 te
557 1396 696 1475 servat,
716 1383 790 1458 nisi
807 1382 904 1456 dure
920 1393 1119 1473 armature,
1140 1377 1163 1454 d
1179 1389 1315 1456 morte.

372 1527 535 1630 Depono
554 1527 634 1626 ipse
651 1525 809 1601 loricam
826 1523 866 1599 in
883 1523 1020 1624 plan03

371 1665 534 1742 Attrahc
551 1691 721 1756 nervum,
743 1689 814 1740 rex
830 1686 1055 1762 magnorum
1075 1657 1292 1736 montium.’

421 1808 534 1882 Vidit
552 1807 616 1881 ille
634 1817 768 1908 pectus
785 1803 867 1905 ejus
885 1801 956 1878 sub
974 1801 1131 1903 capillis.

372 1951 486 2025 Soror
502 1949 567 2024 illa
584 1947 684 2048 regis
702 1946 788 2022 fuit.

375 2090 468 2166 Erat
485 2092 620 2166 oculus
639 2089 720 2191 ejus
738 2089 778 2164 iu
794 2087 881 2162 auld
898 2110 1107 2163 conversus
1123 2085 1172 2160 od
1189 2083 1410 2188 principem,

362 2230 607 2328 Partumque
624 2241 683 2304 est
700 2237 736 2304 ei
754 2229 891 2304 amoris
908 2227 1009 2304 haud
1027 2253 1171 2330 parum.

374 2371 530 2447 Cecidit
547 2369 655 2446 hasta
672 2397 692 2445 e
711 2395 824 2446 manu
840 2370 952 2470 regis,

377 2511 681 2610 Intuebaturque
699 2513 881 2614 languide
896 2513 1078 2588 humum„
1206 2569 1208 2572 -

377 2652 470 2729 Erat
488 2654 553 2729 illa
570 2655 688 2731 instar
699 2655 847 2755 jubaris
866 2653 993 2736 exorti
1010 2655 1058 2729 ab
1076 2653 1235 2744 oriente,

379 2795 496 2882 Quod
515 2795 684 2872 occurrit
703 2795 788 2870 viro
806 2793 979 2870 venienti
996 2795 1017 2868 ὲ
1036 2819 1162 2893 specu,

382 2937 480 3012 Cum
499 2935 674 3012 deflectit
690 2938 869 3012 obtutum
888 2935 936 3010 ad
957 2961 1094 3034 aequor,

378 3079 493 3168 Quod
512 3080 599 3154 luce
617 3077 836 3178 resplendet
854 3078 942 3153 late.

434 3219 549 3294 ‘Rex
569 3219 767 3293 Morvenis
785 3219 1045 3293 resonantium
1064 3219 1248 3308 collium,'

384 3357 499 3434 Dixit
516 3358 628 3459 virgo
646 3383 825 3434 manuum
844 3359 1093 3434 candidarum
1112 3359 1229 3434 instar
1245 3357 1356 3451 nivis,

387 3499 556 3602 ‘Accipe
573 3524 635 3575 me
653 3501 692 3574 in
711 3499 914 3576 circuitum
935 3514 1009 3574 tuae
1027 3499 1135 3574 navis

382 3640 443 3717 Ab
461 3665 587 3717 amore
607 3641 729 3716 Corlae
749 3642 813 3740 qui
832 3643 948 3741 louge
965 3643 1076 3718 abest
1093 3669 1115 3717 a
1132 3643 1217 3718 med
1235 3643 1336 3733 euri,

382 3783 451 3860 Est
469 3785 535 3860 ille
556 3785 657 3860 sicut
674 3783 822 3859 fulmen
841 3783 882 3858 in
899 3809 1057 3884 campo:

381 3925 576 4001 Inibacanr
594 3927 756 4002 strenuis
773 3925 953 4003 heroibus
971 3941 1099 4003 nomm

378 4067 493 4142 Amat
509 4067 549 4142 in
566 4065 740 4168 superbia
757 4067 835 4158 sud,

383 4208 575 4283 Attollens
592 4209 697 4284 mille
715 4207 841 4284 hastas
860 4209 901 4285 in
918 4211 1225 4314 proelii-campo?

438 4355 448 4390 ‘
466 4348 604 4424 Pacem
621 4346 747 4442 habe,’
765 4351 865 4426 dixit
881 4351 1068 4428 Trenmor
1084 4351 1273 4455 princeps,
1374 4355 1502 4452 [nata;

388 4487 550 4565 ‘Pacem
567 4489 665 4566 habe
683 4492 752 4568 sub
766 4506 879 4569 scuto
892 4518 990 4587 meo,
1007 4508 1050 4570 tu
1063 4495 1237 4570 manibus
1255 4493 1430 4572 candidis
1443 4519 1503 4572 or·

385 4629 497 4706 Haud
518 4629 663 4730 fugiam
683 4659 768 4736 ego,
789 4661 916 4735 neque
934 4635 1020 4737 fugi
1038 4663 1217 4737 unquam,

382 4768 465 4844 Etsi
484 4795 681 4846 cernerem
700 4773 739 4847 in
758 4775 861 4851 clivo
880 4776 981 4852 viros
998 4777 1146 4854 validos

382 4907 439 4985 Ex
455 4909 629 4988 hostibus
646 4915 716 4989 sub
732 4915 836 4990 mille
853 4915 998 4994 hastis.'
