4194 6006
404 769 617 848 arr-101.
860 762 1066 839 nucu.
1454 771 1522 848 193

453 991 478 1030 “
495 987 633 1062 Semen
652 985 862 1079 Morvenis‚
884 1013 967 1086 quae
985 987 1102 1085 longe
1120 985 1251 1060 abeste
1268 982 1389 1074 nobis,

401 1130 493 1226 [Sub
511 1128 654 1228 vigiliis
674 1127 739 1224 sit]
756 1128 993 1204 custodiatur
1010 1153 1079 1202 rex
1100 1128 1285 1202 lluctuum
1305 1125 1479 1218 altorum,

312 1331 314 1338 .
402 1270 473 1345 Est
490 1294 597 1367 aeque
616 1281 791 1344 strenuus
810 1280 850 1344 et
870 1269 1047 1344 robustus
1065 1268 1178 1343 heros

401 1411 459 1485 Ac
478 1409 582 1486 mille
600 1411 712 1486 undae
732 1424 943 1510 querentes
960 1411 1081 1501 littus,
1124 1427 1127 1439 ⁴

402 1551 494 1626 Non
511 1577 641 1626 manus
660 1552 726 1626 ille
744 1577 826 1650 quae
847 1565 905 1626 est
923 1552 1060 1627 debilis
1078 1552 1119 1628 in
1135 1551 1263 1653 pugna
1274 1578 1285 1644 ;

403 1691 473 1766 Est
490 1692 571 1793 ejus
589 1691 701 1794 stirps
721 1718 770 1768 ex
787 1709 959 1792 tempore
978 1693 1114 1793 prisco.
1423 1660 1425 1662 Ι

404 1835 528 1925 Galle,
548 1833 757 1934 caput-viae
775 1846 1013 1909 strenuorum
1030 1833 1199 1922 heroum,

403 1975 574 2066 Ossiane,
593 1976 769 2076 princeps
788 1987 969 2050 cantuum
987 1975 1169 2064 suavium,

404 2115 474 2190 Est
490 2117 634 2191 amicus
652 2115 855 2216 mei-primi
874 2115 1010 2190 amoris
1028 2114 1094 2214 qui
1111 2113 1230 2207 adest,

402 2257 543 2332 Tollite
561 2257 643 2358 ejus
661 2269 776 2358 caput
792 2258 813 2331 e
832 2280 1006 2332 moerore.

405 2397 535 2490 Oscar,
554 2399 680 2490 Pelen,
702 2398 824 2472 Roena
840 2395 934 2488 rufe,

404 2539 613 2637 Sequimini
631 2565 699 2614 vos
718 2564 849 2614 eorum
867 2537 998 2638 fugam
1017 2563 1084 2641 per
1102 2539 1255 2630 Lenem,

403 2681 494 2772 Vos,
509 2681 575 2778 qui
588 2679 887 2780 [relinqueretis]
903 2680 1321 2781 praeteriretisventum
1335 2681 1544 2776 celeritate,

405 2821 612 2922 Sequimini
629 2823 774 2922 prolem
793 2821 928 2896 oceani
946 2822 986 2896 in
1003 2821 1126 2914 Ieme,

405 2962 462 3038 Ut
478 2962 712 3063 prohibeatis
730 2963 888 3038 classem
905 2987 927 3036 a
943 2964 1136 3062 surgendo
1155 2965 1194 3038 in
1212 2965 1331 3041 fluctu

404 3103 464 3178 Ab
483 3104 605 3179 insula
621 3105 777 3180 navium
795 3113 836 3178 et
852 3107 1067 3205 aprorum.”

453 3245 614 3320 Iverunt
627 3245 683 3318 illi
703 3257 746 3320 ut
760 3245 912 3320 flamina
927 3271 995 3346 per
1012 3245 1177 3339 clivum;

404 3385 597 3460 Processit
613 3385 746 3485 Fingal
764 3397 808 3459 ut
825 3386 945 3461 nubes
963 3387 1077 3478 lente,

404 3527 462 3602 Ut
479 3527 643 3602 tonitrlls
661 3525 737 3601 fuit
754 3526 899 3602 sonitus
914 3527 1107 3639 principis,

406 3669 572 3755 Quando
588 3669 695 3743 cadit
711 3668 833 3742 imber
849 3668 1017 3743 molliter

404 3809 524 3911 Super
540 3835 672 3910 agrum
692 3809 866 3885 aestivum
887 3811 1071 3886 obscurus
1094 3823 1134 3888 et
1151 3797 1400 3912 tranquillum

262 3946 266 3956 '
404 3950 492 4026 Fuit
510 3951 591 4050 ejus
609 3950 760 4051 gladius
778 3951 942 4026 eximius
961 3951 1093 4027 similis
1114 3953 1219 4030 radio
1237 3955 1338 4050 solis,

401 4091 481 4166 Aut
498 4092 578 4166 telo
595 4093 737 4193 spectri
755 4092 794 4168 in
811 4107 983 4194 tempore
999 4069 1137 4187 unctis,

404 4233 465 4308 Ad
483 4209 695 4333 principem
715 4233 910 4309 Lochlinis
928 4235 1123 4335 promovit
1141 4237 1206 4311 ille
1225 4263 1332 4314 suum
1351 4265 1509 4340 passum,

405 4369 456 4446 Et
473 4372 660 4447 allocutus
680 4385 738 4448 est
755 4378 1097 4452 strenuum-virum
1113 4379 1311 4456 undarum.

458 4517 483 4553 “
502 4512 601 4598 Quis
620 4527 679 4588 est
696 4515 751 4589 ita
768 4515 927 4590 tetricus
945 4519 1015 4592 sub
1032 4519 1142 4593 luctu

406 4651 467 4726 Ad
486 4676 615 4754 rupem
635 4655 745 4754 cujus
763 4667 821 4729 est
838 4655 1109 4734 fremebundus
1132 4671 1279 4738 torrens
1290 4691 1301 4754 ;

406 4791 445 4868 Is
463 4793 527 4890 qui
545 4819 623 4870 non
641 4808 771 4896 potest
788 4822 875 4872 eum
893 4799 1095 4895 transilire,

458 4957 557 5010 rou.
581 4959 630 5012 11.
956 4963 979 5012 ο
