4184 5998
292 765 295 770 -
382 742 420 794 v.
442 725 623 795 art-241.
824 716 1054 792 TEMORA.
1430 725 1502 795 343

383 939 513 1039 Copiis
528 941 645 1016 vastis
662 939 852 1016 sonituum
871 938 1095 1017 arduorum:

384 1079 497 1156 Circa
508 1081 709 1180 [orientem
727 1083 860 1177 solem]
872 1093 997 1157 ortum
1014 1082 1054 1155 in
1067 1082 1153 1156 luce
1167 1103 1228 1154 me
1244 1077 1408 1154 movebo
1422 1078 1503 1179 ipse

383 1221 442 1295 Ad
461 1222 739 1298 occurrendum
757 1247 887 1299 eorum
906 1222 1090 1298 centuriis
1112 1221 1215 1297 circa
1231 1219 1402 1320 Bnigam.

382 1362 471 1438 Fuit
487 1362 676 1454 terribilis,
698 1388 912 1463 quanquam
929 1362 1093 1456 humilis,
1116 1373 1290 1438 strenuus
1310 1429 1313 1435 .

383 1502 496 1578 Filius
513 1501 695 1579 Duthulis
711 1504 935 1602 [damnifici]
951 1503 1174 1579 damnorum
1196 1503 1410 1580 Borbaris.”

435 1651 460 1686 “
477 1643 568 1718 Non
585 1645 668 1720 sine
689 1645 847 1744 signis,'’
865 1643 970 1719 dixit
986 1643 1203 1736 Foldathus,
1249 1641 1498 1744 [principumr

386 1789 411 1826 “
427 1783 684 1860 Perrexerunt
701 1784 776 1858 mei
795 1810 923 1883 passus
938 1783 977 1859 in
994 1785 1225 1882 [occursum]
1244 1783 1485 1860 vicinitatem

382 1925 428 1998 In
446 1924 531 2000 luce
549 1924 655 2022 [irrui
673 1925 767 2023 ego]
788 1925 909 2000 ictum
928 1937 987 2001 est
1003 1925 1026 2000 b
1043 1952 1105 2001 me
1124 1927 1164 2002 in
1182 1931 1378 2002 certamen

382 2063 478 2140 Cum
499 2065 664 2141 Carbarc
681 2066 721 2140 in
738 2065 919 2141 conflictu
939 2065 1137 2142 clivorum.

380 2205 432 2279 At
448 2205 617 2280 surrexit
633 2206 717 2306 ejus
733 2230 868 2280 saxum
885 2207 969 2280 sine
985 2207 1188 2304 lacrymis;

383 2346 494 2420 Haud
512 2345 742 2420 suitbardus
760 2345 842 2444 regi
860 2345 990 2420 Iernos
1007 2371 1119 2448 super
1137 2348 1220 2448 ejus
1235 2346 1447 2450 sepulchro.

380 2486 441 2561 An
459 2486 533 2560 erit
550 2487 684 2561 laetitia
698 2487 874 2562 hostibus
891 2485 964 2562 viri
980 2489 1110 2587 magni

381 2629 499 2728 Super
515 2653 646 2705 musco
662 2641 704 2703 et
720 2627 1141 2728 scopulosis-montibus
1159 2629 1483 2729 praecipitiorum?

381 2770 468 2848 Fuit
486 2771 550 2844 ille
568 2793 674 2844 meus
691 2768 834 2852 amicus
852 2767 968 2867 ipsius
987 2769 1051 2866 qui
1070 2769 1205 2844 extitit
1216 2797 1227 2861 3

381 2909 548 2985 Plurima
565 2910 693 2998 verba,
714 2907 754 2982 in
771 2919 943 3007 ternpore
961 2908 1065 3008 quod
1082 2907 1159 2982 fuit
1174 2932 1363 3001 arcanum,

381 3051 477 3137 Quae
494 3049 797 3149 interplicuimus
811 3072 880 3122 nos
898 3047 1001 3124 circa
1016 3049 1330 3148 tranquillitatem
1344 3051 1500 3128 vallium

381 3192 427 3267 In
444 3191 609 3267 caverna
626 3189 765 3264 Momae
783 3188 986 3264 arduorum
1003 3190 1226 3292 principum,

381 3333 547 3420 Quando
564 3356 646 3406 eras
662 3343 705 3405 tu
722 3331 900 3432 puerulus
919 3355 1040 3406 vanus

382 3475 548 3573 Sequens
565 3497 677 3572 super
691 3497 782 3571 agro
800 3473 971 3548 carduos.

383 3617 481 3692 Cum
499 3613 745 3691 bellatoribus
763 3613 903 3688 Momae
920 3613 968 3688 ad
983 3639 1106 3726 meam
1125 3641 1277 3692 manum

380 3756 540 3832 Traham
558 3781 632 3856 ego
649 3755 690 3830 in
707 3755 830 3830 aciem
847 3755 918 3829 sub
936 3754 1065 3852 gladio
1084 3753 1223 3848 hostes,

381 3897 441 3973 Ab
459 3897 592 3972 umbra
610 3897 734 3973 clausa
754 3925 905 3975 suorum
923 3899 1078 3975 collium
1096 3899 1272 4000 ipsorum.

382 4037 506 4112 Cadet
524 4038 656 4138 Fingal
671 4039 752 4114 sine
771 4039 939 4114 camnine
955 4065 1067 4140 super
1084 4063 1228 4139 campe,

383 4179 467 4254 Rex
487 4181 708 4280 capillorum
728 4205 908 4255 canorum
924 4177 947 4254 d
963 4180 1125 4255 Selma.”
1310 4181 1499 4278 [manus‚’'

435 4318 534 4392 “An
561 4317 690 4417 opinio
718 4319 882 4410 esttibi,
904 4319 966 4396 vir
988 4321 1098 4422 cujus
1126 4330 1186 4395 est
1212 4319 1499 4421 languidissima

380 4455 495 4534 Dixit
513 4458 698 4534 Cathmor
713 4462 782 4536 sub
798 4461 926 4563 specie
941 4464 1030 4553 irae3

385 4607 408 4641 “
420 4597 482 4674 An
498 4600 627 4701 opinio
645 4601 792 4676 esttibi
811 4625 982 4676 casurum
1001 4627 1082 4676 esse
1099 4602 1216 4677 heroa

381 4739 468 4816 Sine
483 4727 586 4816 fama
601 4751 666 4816 aut
683 4755 799 4816 cantu
817 4742 856 4816 in
875 4741 1014 4817 Ierne?
