4224 5996
385 793 426 848 v.
447 777 632 857 495-522.
842 770 1049 846 FINGAL.

380 991 434 1065 At
451 991 613 1066 manebo
633 991 671 1064 in
688 990 825 1066 mediis
842 991 954 1067 armis

379 1132 512 1232 Usque
530 1133 578 1208 ad
597 1149 706 1210 tuum
724 1134 889 1210 reditum
907 1133 929 1208 a
947 1133 1113 1234 strepitu
1130 1131 1370 1208 venationis’

427 1273 535 1349 Abiit
552 1275 616 1348 ille
633 1275 681 1349 ad
701 1273 851 1350 Moram
868 1273 986 1350 cervi.

377 1413 439 1488 Ad
457 1415 734 1515 experiendum
752 1417 854 1513 quod
872 1441 950 1490 non
969 1425 1134 1491 cessaret
1151 1413 1233 1515 ejus
1248 1437 1363 1504 amor,
1436 1435 1439 1440 ·

377 1554 511 1628 Induit
530 1555 596 1630 iila
612 1581 715 1632 arma
732 1557 805 1632 sibi
823 1556 905 1656 ipsi,

375 1693 428 1770 Et
445 1694 645 1772 festinavit
661 1721 748 1770 suos
767 1720 920 1796 gressus
936 1695 985 1772 ad
1002 1695 1123 1773 littus.

375 1833 532 1908 Putavit
550 1835 615 1909 ille
632 1833 782 1911 hostem
800 1862 905 1928 esse3

376 1972 547 2047 Pulsavit
565 1974 647 2074 ejus
666 1999 733 2049 cor
750 1977 826 2050 alte
844 1977 926 2076 ejus
943 1986 1098 2076 pectus;

374 2113 505 2188 Vertit
522 2114 734 2189 rubicunda
750 2117 897 2217 species
916 2117 956 2190 in
973 2115 1164 2216 pallidam,

376 2254 492 2330 Circa
509 2255 590 2355 ejus
608 2255 737 2329 oculos
755 2253 832 2328 fuit
849 2254 1062 2330 obscuritas
1082 2255 1190 2331 fusca
1200 2281 1212 2348 3

372 2397 510 2471 Traxit
528 2421 659 2471 arcum
680 2395 727 2470 ad
746 2395 925 2485 dorsum;

373 2537 525 2612 Exiluit
541 2536 564 2613 a
581 2561 700 2613 nervo
717 2535 860 2635 sagitta
877 2547 1005 2618 recta:

374 2675 530 2754 Cecidit
548 2677 714 2752 Galvina
732 2677 772 2750 in
790 2701 857 2752 suo
876 2677 1073 2776 sanguine,
1095 2675 1177 2777 ejus
1194 2699 1308 2749 amor.

370 2819 492 2896 Venit
509 2819 573 2892 ille
593 2817 693 2892 ferus
712 2819 824 2892 vultu
841 2827 882 2891 et
899 2841 1043 2917 gressu,

370 2959 575 3035 Invocavit
592 2957 706 3032 filiam
725 2954 914 3032 Conlochi
931 2955 1085 3030 navium

370 3099 457 3174 Sine
476 3124 653 3199 responso
672 3123 694 3173 e
712 3099 810 3173 colle
829 3111 895 3171 aut
912 3109 1067 3173 monte:

372 3239 565 3315 ‘Ubinam
584 3265 623 3314 es
641 3253 695 3330 tu,
716 3263 821 3314 amor
839 3237 1008 3328 fortium,

367 3381 491 3481 Virgo
510 3380 670 3480 insignis
690 3377 864 3478 gravium
882 3378 1104 3478 capillorum
1118 3379 1159 3482 i'¹

365 3521 457 3596 Erat
474 3523 555 3622 ejus
574 3546 641 3596 cor
657 3521 844 3620 palpitans
863 3518 1097 3592 ex·adverso

366 3662 478 3738 Circa
496 3663 674 3761 sagittam
693 3687 776 3760 quae
795 3659 949 3758 reliquit
963 3659 1045 3758 ejus
1064 3683 1228 3750 manum,

369 3804 503 3877 ‘Tune
523 3803 599 3878 filia
617 3799 806 3877 Conlochi
824 3827 908 3899 quae
932 3804 1021 3877 ades
1034 3803 1064 3876 P'

362 3945 467 4020 Dum
486 3945 551 4019 ille
567 3944 735 4044 procidit
753 3944 834 4018 sine
853 3945 960 4018 mora
977 3967 1090 4044 super
1106 3941 1188 4043 ejus
1206 3942 1358 4017 collum.

360 4085 519 4160 Invenit
536 4097 695 4160 venator
712 4108 777 4184 par
794 4083 896 4180 quod
915 4082 1040 4159 fuerat
1056 4085 1263 4160 novissime

360 4225 408 4300 In
426 4251 578 4301 secessu
594 4225 700 4302 cervi
716 4223 764 4298 ad
783 4224 914 4300 undas.

361 4365 530 4440 Fuerunt
546 4368 616 4442 atri
636 4368 717 4468 ejus
735 4369 817 4443 dies
835 4377 991 4469 propter
1007 4391 1184 4458 amorem,

360 4506 529 4581 Fuerunt
544 4507 707 4607 plurima
725 4507 806 4607 ejus
825 4508 992 4608 vestigia
1009 4509 1112 4584 circa
1130 4509 1210 4610 ejus
1230 4509 1439 4604 tumulum;

357 4645 479 4721 Venit
497 4647 624 4722 classis
642 4647 809 4724 hostium
827 4649 849 4724 a
866 4650 1137 4751 septentrione,

358 4785 552 4864 Percussit
569 4787 635 4864 ille
654 4800 694 4865 et
711 4791 831 4868 vertit
848 4791 889 4868 in
904 4790 1037 4893 fugam
1055 4791 1230 4868 advenas.
