4194 6006
431 815 469 868 v.
490 798 619 879 19-45.
882 785 1092 864 FINGAL.
1475 795 1546 865 ssi

479 1015 668 1090 Versetur
685 1013 831 1089 animus
849 1020 936 1086 tuus
954 1011 995 1084 in
1012 1009 1157 1104 laetitia,
1179 1008 1305 1103 Carul,

431 1156 539 1232 Inter
555 1168 692 1232 ventos
710 1179 892 1256 gyrorum
908 1154 946 1228 in
959 1152 1079 1254 jugis.

431 1297 537 1384 Quid
553 1323 631 1371 non
649 1298 779 1372 venias
798 1307 841 1370 tu
858 1295 906 1370 ad
924 1295 1046 1370 aulam
1066 1319 1200 1386 meam,

429 1439 498 1513 Me
517 1449 766 1514 consumente
781 1449 937 1512 noctem
955 1437 1037 1512 solo
1051 1435 1066 1512 ?

430 1579 548 1655 Certo
565 1580 698 1656 veniet
713 1579 856 1654 amicus
875 1603 979 1652 meus
998 1576 1187 1652 dilectus:

427 1721 553 1797 Audio
572 1721 749 1797 blandam
767 1721 848 1822 ejus
867 1743 1018 1794 manum
1037 1720 1076 1794 in
1095 1717 1242 1794 cithara

428 1862 599 1938 Extensn
617 1863 665 1938 ad
682 1887 830 1938 murum
848 1885 1051 1953 sonacem3

426 2004 547 2080 Tarde
564 2015 766 2079 moveatur
782 2004 822 2078 in
839 2027 931 2078 aure
947 2003 1032 2108 med
1049 2003 1255 2078 murmur*

429 2145 534 2233 Quid
552 2171 630 2220 non
647 2171 708 2220 me
725 2146 927 2244 alloqueris
946 2145 1011 2244 qui
1029 2168 1113 2218 sum
1131 2143 1170 2217 in
1188 2143 1377 2218 moerore?

428 2287 594 2374 Quando
612 2285 754 2362 videbo
771 2309 930 2385 magnos
948 2283 1091 2360 amieos
1108 2287 1242 2360 meos?
1263 2284 1266 2292 ’

427 2427 599 2503 Praeteris
617 2426 717 2502 tuin
734 2453 833 2518 aura,

426 2567 497 2644 Est
515 2570 596 2670 ejus
615 2567 795 2667 strepitus
814 2567 854 2641 in
872 2565 1024 2644 caesarie
1043 2567 1129 2642 mea
1147 2567 1265 2658 caud;

428 2709 621 2786 Laudator
639 2711 807 2802 heroum,
827 2708 877 2783 sis
895 2709 1029 2784 salvus.
1278 2709 1549 2808 [cuminorum]

475 2851 521 2926 In
539 2853 657 2928 latere
676 2853 796 2926 Morae
813 2851 963 2951 jugosae
984 2848 1224 2948 (πολυδωραδος)
1245 2851 1463 2948 [multorum
1487 2878 1548 2928 ca·
1619 2847 1623 2854 ’

428 2992 704 3068 Convenerunt
720 2991 1044 3068 heroes-victores
1060 2990 1108 3065 ad
1128 2991 1363 3084 convivium,

426 3133 538 3210 Mille
558 3134 764 3232 quercibus
783 3131 1123 3208 exardescentibus
1141 3133 1217 3208 late

426 3275 555 3374 Vique
572 3299 798 3350 corneorum
818 3273 1043 3375 poculorum
1062 3273 1335 3350 circumeunte.

304 3484 306 3490 .
426 3416 556 3491 Inerat
572 3415 707 3491 laetitia
724 3415 858 3490 animis
877 3414 1265 3489 virdm-strenuorum
1287 3413 1447 3514 (αιζιιων),

426 3557 536 3658 Rege
556 3557 749 3633 Lochlinis
768 3554 1099 3657 spolia-referente
1116 3569 1275 3646 moesto;

425 3698 689 3798 Adspectabat
706 3698 974 3774 ruber-oculus
991 3696 1134 3772 Lenem
1153 3697 1336 3790 erinnem,

426 3839 489 3914 Ira
505 3839 608 3915 haud
626 3839 728 3914 inani
747 3839 964 3940 permagna,

426 3979 693 4056 Reminiscens
714 4004 755 4054 se
773 3980 960 4056 cecidisse
979 3982 1019 4056 in
1037 4006 1175 4082 pugnae
1194 3971 1339 4083 campo.

474 4121 561 4196 Rex
579 4121 659 4223 ipse
678 4123 815 4223 clypeo
832 4135 991 4224 paterno
1008 4123 1255 4215 innitebatur,

427 4260 541 4337 Canis
560 4263 705 4365 capillis
724 4265 764 4338 in
783 4281 942 4340 ventum
961 4265 1146 4364 usquead
1164 4265 1313 4368 apicem

426 4401 502 4477 Sub
519 4404 606 4480 luce
627 4405 754 4480 noctis
773 4406 931 4481 effusisa
964 4465 967 4472 ⁴

425 4543 538 4618 Vidit
553 4544 759 4620 Suaranum
777 4559 965 4639 moestum,

424 4683 475 4760 Et
493 4687 681 4762 allocutus
700 4700 759 4760 est
775 4687 917 4764 leniter
933 4689 1082 4766 bardos.

536 4851 553 4889 ⁹
567 4854 614 4912 Ad
627 4855 754 4928 verbnm,
767 4855 810 4915 Sit
823 4875 951 4918 murmur
962 4858 992 4918 iu
1005 4877 1069 4919 rnen
1081 4878 1151 4920 aure
1163 4857 1254 4932 tarde,
1268 4856 1312 4916 vel
1324 4857 1410 4920 lente.
