<?xml version="1.0" encoding="UTF-8"?>
<!DOCTYPE html PUBLIC "-//W3C//DTD XHTML 1.0 Transitional//EN"
    "http://www.w3.org/TR/xhtml1/DTD/xhtml1-transitional.dtd">
<html xmlns="http://www.w3.org/1999/xhtml" xml:lang="en" lang="en">
 <head>
  <title>
</title>
<meta http-equiv="Content-Type" content="text/html;charset=utf-8" />
  <meta name='ocr-system' content='tesseract 3.04.00' />
  <meta name='ocr-capabilities' content='ocr_page ocr_carea ocr_par ocr_line ocrx_word'/>
</head>
<body>
  <div class='ocr_page' id='page_1' title='image "./poemsossianinor00londgoog_0296.png"; bbox 0 0 4194 6006; ppageno 0'>
   <div class='ocr_carea' id='block_1_1' title="bbox 340 754 1462 845">
    <p class='ocr_par' dir='ltr' id='par_1_1' title="bbox 340 754 1462 845">
     <span class='ocr_line' id='line_1_1' title="bbox 340 754 1462 845; baseline -0.003 -10"><span class='ocrx_word' id='word_1_1' title='bbox 340 785 380 840; x_wconf 89' lang='lat' dir='ltr'><strong>v.</strong></span> <span class='ocrx_word' id='word_1_2' title='bbox 397 767 582 845; x_wconf 74' lang='lat' dir='ltr'><strong>ars-270.</strong></span> <span class='ocrx_word' id='word_1_3' title='bbox 785 754 1017 832; x_wconf 71' lang='lat' dir='ltr'><strong>TEMORA.</strong></span> <span class='ocrx_word' id='word_1_4' title='bbox 1388 765 1462 838; x_wconf 76' lang='lat'><strong>287</strong></span> 
     </span>
    </p>
   </div>
   <div class='ocr_carea' id='block_1_2' title="bbox 329 977 1468 4442">
    <p class='ocr_par' dir='ltr' id='par_1_2' title="bbox 329 977 1468 4442">
     <span class='ocr_line' id='line_1_2' title="bbox 340 977 1468 1082; baseline 0.003 -25"><span class='ocrx_word' id='word_1_5' title='bbox 340 983 508 1058; x_wconf 85' lang='lat' dir='ltr'><strong>Fuerunt</strong></span> <span class='ocrx_word' id='word_1_6' title='bbox 520 982 601 1082; x_wconf 89' lang='lat' dir='ltr'><strong>ejus</strong></span> <span class='ocrx_word' id='word_1_7' title='bbox 614 981 736 1082; x_wconf 84' lang='lat' dir='ltr'><strong>plagae</strong></span> <span class='ocrx_word' id='word_1_8' title='bbox 750 977 1468 1078; x_wconf 83' lang='lat' dir='ltr'><strong>sempercontrahominesimbecillos.</strong></span> 
     </span>
     <span class='ocr_line' id='line_1_3' title="bbox 339 1119 1028 1210; baseline -0.01 -10"><span class='ocrx_word' id='word_1_9' title='bbox 339 1127 392 1200; x_wconf 87' lang='lat' dir='ltr'><strong>At</strong></span> <span class='ocrx_word' id='word_1_10' title='bbox 410 1125 540 1200; x_wconf 90' lang='lat' dir='ltr'><strong>veniat</strong></span> <span class='ocrx_word' id='word_1_11' title='bbox 557 1125 621 1199; x_wconf 86' lang='lat' dir='ltr'><strong>ille</strong></span> <span class='ocrx_word' id='word_1_12' title='bbox 637 1122 714 1198; x_wconf 91' lang='lat' dir='ltr'><strong>huc</strong></span> <span class='ocrx_word' id='word_1_13' title='bbox 734 1121 781 1196; x_wconf 88' lang='lat' dir='ltr'><strong>ad</strong></span> <span class='ocrx_word' id='word_1_14' title='bbox 801 1119 1028 1210; x_wconf 85' lang='lat' dir='ltr'><strong>Carbarem;</strong></span> 
     </span>
     <span class='ocr_line' id='line_1_4' title="bbox 339 1261 1372 1366; baseline -0.004 -24"><span class='ocrx_word' id='word_1_15' title='bbox 339 1268 446 1342; x_wconf 89' lang='lat' dir='ltr'><strong>Sicut</strong></span> <span class='ocrx_word' id='word_1_16' title='bbox 464 1267 598 1342; x_wconf 91' lang='lat' dir='ltr'><strong>umbra</strong></span> <span class='ocrx_word' id='word_1_17' title='bbox 617 1264 840 1366; x_wconf 83' lang='lat' dir='ltr'><strong>(vanescet)</strong></span> <span class='ocrx_word' id='word_1_18' title='bbox 861 1263 1103 1363; x_wconf 87' lang='lat' dir='ltr'><strong>se-purgabit</strong></span> <span class='ocrx_word' id='word_1_19' title='bbox 1120 1261 1188 1338; x_wconf 89' lang='lat' dir='ltr'><strong>ille</strong></span> <span class='ocrx_word' id='word_1_20' title='bbox 1202 1264 1243 1338; x_wconf 92' lang='lat' dir='ltr'><strong>in</strong></span> <span class='ocrx_word' id='word_1_21' title='bbox 1260 1265 1372 1356; x_wconf 81' lang='lat' dir='ltr'><strong>valle,</strong></span> 
     </span>
     <span class='ocr_line' id='line_1_5' title="bbox 339 1403 1189 1504; baseline -0.005 -22"><span class='ocrx_word' id='word_1_22' title='bbox 339 1409 414 1482; x_wconf 87' lang='lat' dir='ltr'><strong>Vel</strong></span> <span class='ocrx_word' id='word_1_23' title='bbox 431 1421 475 1482; x_wconf 90' lang='lat' dir='ltr'><strong>ut</strong></span> <span class='ocrx_word' id='word_1_24' title='bbox 490 1407 639 1497; x_wconf 88' lang='lat' dir='ltr'><strong>nebula,</strong></span> <span class='ocrx_word' id='word_1_25' title='bbox 661 1431 744 1504; x_wconf 85' lang='lat' dir='ltr'><strong>quae</strong></span> <span class='ocrx_word' id='word_1_26' title='bbox 762 1417 821 1479; x_wconf 87' lang='lat' dir='ltr'><strong>est</strong></span> <span class='ocrx_word' id='word_1_27' title='bbox 838 1405 942 1478; x_wconf 89' lang='lat' dir='ltr'><strong>lenta</strong></span> <span class='ocrx_word' id='word_1_28' title='bbox 958 1403 998 1477; x_wconf 88' lang='lat' dir='ltr'><strong>in</strong></span> <span class='ocrx_word' id='word_1_29' title='bbox 1015 1403 1189 1496; x_wconf 81' lang='lat' dir='ltr'>desertis,</span> 
     </span>
     <span class='ocr_line' id='line_1_6' title="bbox 338 1543 1453 1644; baseline 0 -22"><span class='ocrx_word' id='word_1_30' title='bbox 338 1548 385 1622; x_wconf 88' lang='lat' dir='ltr'><strong>Se</strong></span> <span class='ocrx_word' id='word_1_31' title='bbox 405 1571 562 1621; x_wconf 87' lang='lat' dir='ltr'><strong>movens</strong></span> <span class='ocrx_word' id='word_1_32' title='bbox 580 1557 620 1620; x_wconf 91' lang='lat' dir='ltr'><strong>et</strong></span> <span class='ocrx_word' id='word_1_33' title='bbox 639 1544 900 1620; x_wconf 83' lang='lat' dir='ltr'><strong>se-effundens</strong></span> <span class='ocrx_word' id='word_1_34' title='bbox 919 1544 966 1620; x_wconf 91' lang='lat' dir='ltr'><strong>ab</strong></span> <span class='ocrx_word' id='word_1_35' title='bbox 981 1543 1122 1620; x_wconf 78' lang='lat' dir='ltr'><strong>Aths.⁰’</strong></span> <span class='ocrx_word' id='word_1_36' title='bbox 1318 1544 1453 1644; x_wconf 84' lang='lat' dir='ltr'><strong>[cillos,</strong></span> 
     </span>
     <span class='ocr_line' id='line_1_7' title="bbox 392 1685 1453 1783; baseline 0.001 -23"><span class='ocrx_word' id='word_1_37' title='bbox 392 1687 471 1761; x_wconf 91' lang='lat' dir='ltr'><strong>“Si</strong></span> <span class='ocrx_word' id='word_1_38' title='bbox 490 1695 590 1760; x_wconf 87' lang='lat' dir='ltr'><strong>esset</strong></span> <span class='ocrx_word' id='word_1_39' title='bbox 606 1699 794 1776; x_wconf 86' lang='lat' dir='ltr'><strong>strenuus,</strong></span> <span class='ocrx_word' id='word_1_40' title='bbox 817 1685 882 1783; x_wconf 90' lang='lat' dir='ltr'><strong>qui</strong></span> <span class='ocrx_word' id='word_1_41' title='bbox 901 1687 1056 1761; x_wconf 86' lang='lat' dir='ltr'><strong>sustulit</strong></span> <span class='ocrx_word' id='word_1_42' title='bbox 1068 1685 1168 1762; x_wconf 86' lang='lat' dir='ltr'><strong>ictus</strong></span> <span class='ocrx_word' id='word_1_43' title='bbox 1182 1695 1317 1760; x_wconf 83' lang='lat' dir='ltr'><strong>contra</strong></span> <span class='ocrx_word' id='word_1_44' title='bbox 1334 1685 1453 1761; x_wconf 74' lang='lat' dir='ltr'><strong>imbe-</strong></span> 
     </span>
     <span class='ocr_line' id='line_1_8' title="bbox 336 1824 983 1918; baseline -0.003 -16"><span class='ocrx_word' id='word_1_45' title='bbox 336 1827 556 1902; x_wconf 81' lang='lat' dir='ltr'><strong>Se-trahens</strong></span> <span class='ocrx_word' id='word_1_46' title='bbox 573 1827 678 1900; x_wconf 74' lang='lat' dir='ltr'><strong>arcte</strong></span> <span class='ocrx_word' id='word_1_47' title='bbox 695 1825 743 1900; x_wconf 88' lang='lat' dir='ltr'><strong>ad</strong></span> <span class='ocrx_word' id='word_1_48' title='bbox 763 1824 983 1918; x_wconf 85' lang='lat' dir='ltr'><strong>Carbarem,</strong></span> 
     </span>
     <span class='ocr_line' id='line_1_9' title="bbox 337 1964 1058 2042; baseline -0.003 0"><span class='ocrx_word' id='word_1_49' title='bbox 337 1967 519 2042; x_wconf 84' lang='lat' dir='ltr'><strong>Adferret</strong></span> <span class='ocrx_word' id='word_1_50' title='bbox 536 1967 678 2041; x_wconf 86' lang='lat' dir='ltr'><strong>Carbar</strong></span> <span class='ocrx_word' id='word_1_51' title='bbox 694 1967 743 2040; x_wconf 88' lang='lat' dir='ltr'><strong>ab</strong></span> <span class='ocrx_word' id='word_1_52' title='bbox 755 1964 861 2040; x_wconf 74' lang='lat' dir='ltr'><strong>&#39;Atha</strong></span> <span class='ocrx_word' id='word_1_53' title='bbox 879 1967 1035 2040; x_wconf 91' lang='lat' dir='ltr'><strong>vallium</strong></span> <span class='ocrx_word' id='word_1_54' title='bbox 1055 2023 1058 2028; x_wconf 83' lang='lat'>.</span> 
     </span>
     <span class='ocr_line' id='line_1_10' title="bbox 336 2105 1015 2182; baseline -0.003 0"><span class='ocrx_word' id='word_1_55' title='bbox 336 2109 475 2182; x_wconf 87' lang='lat' dir='ltr'><strong>Iernen</strong></span> <span class='ocrx_word' id='word_1_56' title='bbox 493 2106 655 2181; x_wconf 88' lang='lat' dir='ltr'><strong>viridem</strong></span> <span class='ocrx_word' id='word_1_57' title='bbox 668 2106 750 2182; x_wconf 80' lang='lat' dir='ltr'><strong>huc</strong></span> <span class='ocrx_word' id='word_1_58' title='bbox 762 2105 848 2180; x_wconf 83' lang='lat' dir='ltr'><strong>sine</strong></span> <span class='ocrx_word' id='word_1_59' title='bbox 865 2107 1015 2180; x_wconf 72' lang='lat' dir='ltr'><strong>armis*</strong></span> 
     </span>
     <span class='ocr_line' id='line_1_11' title="bbox 336 2245 1096 2348; baseline -0.001 -24"><span class='ocrx_word' id='word_1_60' title='bbox 336 2249 398 2324; x_wconf 84' lang='lat' dir='ltr'><strong>Ne</strong></span> <span class='ocrx_word' id='word_1_61' title='bbox 417 2251 572 2346; x_wconf 88' lang='lat' dir='ltr'><strong>loquere</strong></span> <span class='ocrx_word' id='word_1_62' title='bbox 590 2245 640 2321; x_wconf 89' lang='lat' dir='ltr'><strong>de</strong></span> <span class='ocrx_word' id='word_1_63' title='bbox 659 2247 834 2335; x_wconf 88' lang='lat' dir='ltr'><strong>strenuis,</strong></span> <span class='ocrx_word' id='word_1_64' title='bbox 856 2247 1096 2348; x_wconf 86' lang='lat' dir='ltr'><strong>oprinceps;</strong></span> 
     </span>
     <span class='ocr_line' id='line_1_12' title="bbox 338 2386 1452 2488; baseline -0.004 -22"><span class='ocrx_word' id='word_1_65' title='bbox 338 2389 533 2466; x_wconf 85' lang='lat' dir='ltr'>Converte</span> <span class='ocrx_word' id='word_1_66' title='bbox 550 2387 718 2488; x_wconf 83' lang='lat' dir='ltr'><strong>gladium</strong></span> <span class='ocrx_word' id='word_1_67' title='bbox 738 2386 957 2486; x_wconf 87' lang='lat' dir='ltr'><strong>clypeorum</strong></span> <span class='ocrx_word' id='word_1_68' title='bbox 975 2387 1014 2462; x_wconf 92' lang='lat' dir='ltr'><strong>in</strong></span> <span class='ocrx_word' id='word_1_69' title='bbox 1032 2411 1116 2478; x_wconf 79' lang='lat' dir='ltr'><strong>me3</strong></span> <span class='ocrx_word' id='word_1_70' title='bbox 1323 2389 1427 2486; x_wconf 89' lang='lat' dir='ltr'><strong>[dum</strong></span> <span class='ocrx_word' id='word_1_71' title='bbox 1442 2415 1452 2480; x_wconf 80' lang='lat'>3</span> 
     </span>
     <span class='ocr_line' id='line_1_13' title="bbox 341 2527 1452 2630; baseline -0.002 -26"><span class='ocrx_word' id='word_1_72' title='bbox 341 2531 388 2604; x_wconf 94' lang='lat' dir='ltr'><strong>In</strong></span> <span class='ocrx_word' id='word_1_73' title='bbox 405 2542 537 2604; x_wconf 91' lang='lat' dir='ltr'><strong>nostro</strong></span> <span class='ocrx_word' id='word_1_74' title='bbox 560 2529 694 2602; x_wconf 89' lang='lat' dir='ltr'><strong>robore</strong></span> <span class='ocrx_word' id='word_1_75' title='bbox 717 2551 844 2600; x_wconf 86' lang='lat' dir='ltr'><strong>sumus</strong></span> <span class='ocrx_word' id='word_1_76' title='bbox 861 2527 931 2602; x_wconf 88' lang='lat' dir='ltr'><strong>sub</strong></span> <span class='ocrx_word' id='word_1_77' title='bbox 950 2527 1231 2628; x_wconf 86' lang='lat' dir='ltr'><strong>comparatione</strong></span> <span class='ocrx_word' id='word_1_78' title='bbox 1254 2553 1452 2630; x_wconf 87' lang='lat' dir='ltr'><strong>propemo-</strong></span> 
     </span>
     <span class='ocr_line' id='line_1_14' title="bbox 334 2665 958 2766; baseline 0 -24"><span class='ocrx_word' id='word_1_79' title='bbox 334 2668 403 2742; x_wconf 90' lang='lat' dir='ltr'><strong>Est</strong></span> <span class='ocrx_word' id='word_1_80' title='bbox 420 2667 552 2766; x_wconf 87' lang='lat' dir='ltr'><strong>Fingal</strong></span> <span class='ocrx_word' id='word_1_81' title='bbox 571 2666 759 2741; x_wconf 89' lang='lat' dir='ltr'><strong>clivorum</strong></span> <span class='ocrx_word' id='word_1_82' title='bbox 779 2665 958 2765; x_wconf 87' lang='lat' dir='ltr'><strong>inclytus,</strong></span> 
     </span>
     <span class='ocr_line' id='line_1_15' title="bbox 333 2807 1059 2906; baseline 0 -24"><span class='ocrx_word' id='word_1_83' title='bbox 333 2809 484 2883; x_wconf 85' lang='lat' dir='ltr'>Arduus</span> <span class='ocrx_word' id='word_1_84' title='bbox 502 2809 583 2882; x_wconf 88' lang='lat' dir='ltr'><strong>dux</strong></span> <span class='ocrx_word' id='word_1_85' title='bbox 602 2807 803 2882; x_wconf 89' lang='lat' dir='ltr'><strong>arduorum</strong></span> <span class='ocrx_word' id='word_1_86' title='bbox 820 2813 1059 2906; x_wconf 62' lang='lat' dir='ltr'><strong>procerum„”</strong></span> 
     </span>
     <span class='ocr_line' id='line_1_16' title="bbox 383 2946 999 3023; baseline 0 -1"><span class='ocrx_word' id='word_1_87' title='bbox 383 2947 575 3022; x_wconf 87' lang='lat' dir='ltr'>Viderunt</span> <span class='ocrx_word' id='word_1_88' title='bbox 593 2971 722 3020; x_wconf 88' lang='lat' dir='ltr'><strong>eorum</strong></span> <span class='ocrx_word' id='word_1_89' title='bbox 739 2946 851 3022; x_wconf 90' lang='lat' dir='ltr'><strong>amici</strong></span> <span class='ocrx_word' id='word_1_90' title='bbox 869 2949 999 3023; x_wconf 83' lang='lat' dir='ltr'><strong>simul·</strong></span> 
     </span>
     <span class='ocr_line' id='line_1_17' title="bbox 331 3085 1450 3190; baseline 0.005 -29"><span class='ocrx_word' id='word_1_91' title='bbox 331 3085 580 3176; x_wconf 80' lang='lat' dir='ltr'><strong>Torvitatem,</strong></span> <span class='ocrx_word' id='word_1_92' title='bbox 598 3111 680 3183; x_wconf 84' lang='lat' dir='ltr'><strong>quae</strong></span> <span class='ocrx_word' id='word_1_93' title='bbox 697 3111 775 3160; x_wconf 90' lang='lat' dir='ltr'><strong>non</strong></span> <span class='ocrx_word' id='word_1_94' title='bbox 790 3099 870 3162; x_wconf 90' lang='lat' dir='ltr'><strong>erat</strong></span> <span class='ocrx_word' id='word_1_95' title='bbox 884 3087 1032 3181; x_wconf 87' lang='lat' dir='ltr'><strong>blanda,</strong></span> <span class='ocrx_word' id='word_1_96' title='bbox 1050 3089 1154 3165; x_wconf 90' lang='lat' dir='ltr'><strong>circa</strong></span> <span class='ocrx_word' id='word_1_97' title='bbox 1170 3113 1301 3166; x_wconf 87' lang='lat' dir='ltr'><strong>eorum</strong></span> <span class='ocrx_word' id='word_1_98' title='bbox 1321 3114 1450 3190; x_wconf 81' lang='lat' dir='ltr'><strong>genas.</strong></span> 
     </span>
     <span class='ocr_line' id='line_1_18' title="bbox 332 3225 1388 3328; baseline 0.002 -26"><span class='ocrx_word' id='word_1_99' title='bbox 332 3225 570 3302; x_wconf 88' lang='lat' dir='ltr'><strong>Audiebatur</strong></span> <span class='ocrx_word' id='word_1_100' title='bbox 586 3226 766 3326; x_wconf 90' lang='lat' dir='ltr'><strong>strepitus</strong></span> <span class='ocrx_word' id='word_1_101' title='bbox 785 3250 1107 3328; x_wconf 86' lang='lat' dir='ltr'><strong>eommpassuum</strong></span> <span class='ocrx_word' id='word_1_102' title='bbox 1126 3231 1388 3328; x_wconf 87' lang='lat' dir='ltr'><strong>obliquorum:</strong></span> 
     </span>
     <span class='ocr_line' id='line_1_19' title="bbox 331 3365 1233 3467; baseline 0.003 -26"><span class='ocrx_word' id='word_1_103' title='bbox 331 3367 450 3441; x_wconf 82' lang='lat' dir='ltr'>Erant</span> <span class='ocrx_word' id='word_1_104' title='bbox 468 3391 596 3441; x_wconf 88' lang='lat' dir='ltr'><strong>eorum</strong></span> <span class='ocrx_word' id='word_1_105' title='bbox 615 3366 716 3440; x_wconf 89' lang='lat' dir='ltr'><strong>oculi</strong></span> <span class='ocrx_word' id='word_1_106' title='bbox 733 3365 834 3442; x_wconf 90' lang='lat' dir='ltr'><strong>sicut</strong></span> <span class='ocrx_word' id='word_1_107' title='bbox 851 3367 951 3467; x_wconf 84' lang='lat' dir='ltr'><strong>ignis</strong></span> <span class='ocrx_word' id='word_1_108' title='bbox 969 3369 1038 3442; x_wconf 90' lang='lat' dir='ltr'><strong>sub</strong></span> <span class='ocrx_word' id='word_1_109' title='bbox 1056 3369 1233 3460; x_wconf 78' lang='lat' dir='ltr'><strong>tumultu,</strong></span> 
     </span>
     <span class='ocr_line' id='line_1_20' title="bbox 332 3506 1406 3606; baseline 0.005 -25"><span class='ocrx_word' id='word_1_110' title='bbox 332 3506 504 3581; x_wconf 93' lang='lat' dir='ltr'><strong>Dimidio</strong></span> <span class='ocrx_word' id='word_1_111' title='bbox 523 3507 708 3606; x_wconf 88' lang='lat' dir='ltr'><strong>cujusque</strong></span> <span class='ocrx_word' id='word_1_112' title='bbox 726 3507 844 3606; x_wconf 82' lang='lat' dir='ltr'>gladii</span> <span class='ocrx_word' id='word_1_113' title='bbox 865 3511 1031 3606; x_wconf 86' lang='lat' dir='ltr'><strong>(tracto)</strong></span> <span class='ocrx_word' id='word_1_114' title='bbox 1051 3508 1074 3584; x_wconf 72' lang='grc' dir='ltr'>ὲ</span> <span class='ocrx_word' id='word_1_115' title='bbox 1091 3511 1195 3586; x_wconf 88' lang='lat' dir='ltr'><strong>mille</strong></span> <span class='ocrx_word' id='word_1_116' title='bbox 1212 3509 1406 3586; x_wconf 82' lang='lat' dir='ltr'><strong>lateribus.</strong></span> 
     </span>
     <span class='ocr_line' id='line_1_21' title="bbox 331 3646 1094 3748; baseline 0.003 -26"><span class='ocrx_word' id='word_1_117' title='bbox 331 3647 544 3748; x_wconf 89' lang='lat' dir='ltr'><strong>Suppressit</strong></span> <span class='ocrx_word' id='word_1_118' title='bbox 562 3646 648 3721; x_wconf 84' lang='lat' dir='ltr'><strong>Olla</strong></span> <span class='ocrx_word' id='word_1_119' title='bbox 665 3646 909 3723; x_wconf 83' lang='lat' dir='ltr'><strong>scientiarum</strong></span> <span class='ocrx_word' id='word_1_120' title='bbox 928 3663 1094 3742; x_wconf 88' lang='lat' dir='ltr'><strong>cantum,</strong></span> 
     </span>
     <span class='ocr_line' id='line_1_22' title="bbox 332 3785 1054 3862; baseline 0 0"><span class='ocrx_word' id='word_1_121' title='bbox 332 3789 419 3862; x_wconf 89' lang='lat' dir='ltr'><strong>Olla</strong></span> <span class='ocrx_word' id='word_1_122' title='bbox 436 3788 540 3862; x_wconf 88' lang='lat' dir='ltr'><strong>rufus</strong></span> <span class='ocrx_word' id='word_1_123' title='bbox 557 3785 812 3862; x_wconf 87' lang='lat' dir='ltr'><strong>hortaminum</strong></span> <span class='ocrx_word' id='word_1_124' title='bbox 831 3787 1054 3862; x_wconf 80' lang='lat' dir='ltr'><strong>audacium..</strong></span> 
     </span>
     <span class='ocr_line' id='line_1_23' title="bbox 330 3927 1003 4026; baseline -0.003 -22"><span class='ocrx_word' id='word_1_125' title='bbox 330 3929 502 4004; x_wconf 87' lang='lat' dir='ltr'><strong>Tremuit</strong></span> <span class='ocrx_word' id='word_1_126' title='bbox 519 3927 664 4003; x_wconf 88' lang='lat' dir='ltr'><strong>animus</strong></span> <span class='ocrx_word' id='word_1_127' title='bbox 683 3927 833 4004; x_wconf 90' lang='lat' dir='ltr'><strong>Oscaris</strong></span> <span class='ocrx_word' id='word_1_128' title='bbox 851 3929 1003 4026; x_wconf 83' lang='lat' dir='ltr'><strong>gaudio,</strong></span> 
     </span>
     <span class='ocr_line' id='line_1_24' title="bbox 332 4068 1416 4175; baseline 0.004 -31"><span class='ocrx_word' id='word_1_129' title='bbox 332 4071 495 4162; x_wconf 90' lang='lat' dir='ltr'><strong>Gaudio,</strong></span> <span class='ocrx_word' id='word_1_130' title='bbox 519 4070 620 4168; x_wconf 92' lang='lat' dir='ltr'><strong>quod</strong></span> <span class='ocrx_word' id='word_1_131' title='bbox 639 4081 723 4144; x_wconf 87' lang='lat' dir='ltr'><strong>erat</strong></span> <span class='ocrx_word' id='word_1_132' title='bbox 741 4068 964 4168; x_wconf 89' lang='lat' dir='ltr'><strong>(usitatum)</strong></span> <span class='ocrx_word' id='word_1_133' title='bbox 985 4071 1225 4148; x_wconf 85' lang='lat' dir='ltr'><strong>consuetudo</strong></span> <span class='ocrx_word' id='word_1_134' title='bbox 1242 4072 1416 4175; x_wconf 83' lang='lat' dir='ltr'><strong>principi,</strong></span> 
     </span>
     <span class='ocr_line' id='line_1_25' title="bbox 332 4207 1247 4311; baseline 0.009 -30"><span class='ocrx_word' id='word_1_135' title='bbox 332 4207 496 4293; x_wconf 82' lang='lat' dir='ltr'><strong>Quando</strong></span> <span class='ocrx_word' id='word_1_136' title='bbox 513 4209 736 4284; x_wconf 84' lang='lat' dir='ltr'><strong>movebatur</strong></span> <span class='ocrx_word' id='word_1_137' title='bbox 754 4211 1114 4286; x_wconf 79' lang='lat' dir='ltr'><strong>cornu-monitionis</strong></span> <span class='ocrx_word' id='word_1_138' title='bbox 1136 4212 1247 4311; x_wconf 83' lang='lat' dir='ltr'><strong>regis.</strong></span> 
     </span>
     <span class='ocr_line' id='line_1_26' title="bbox 329 4349 959 4442; baseline -0.002 -19"><span class='ocrx_word' id='word_1_139' title='bbox 329 4349 425 4423; x_wconf 85' lang='lat' dir='ltr'><strong>Ater</strong></span> <span class='ocrx_word' id='word_1_140' title='bbox 441 4349 541 4424; x_wconf 91' lang='lat' dir='ltr'><strong>sicut</strong></span> <span class='ocrx_word' id='word_1_141' title='bbox 557 4351 661 4424; x_wconf 91' lang='lat' dir='ltr'><strong>unda</strong></span> <span class='ocrx_word' id='word_1_142' title='bbox 676 4349 785 4425; x_wconf 87' lang='lat' dir='ltr'><strong>fusca</strong></span> <span class='ocrx_word' id='word_1_143' title='bbox 802 4350 959 4442; x_wconf 83' lang='lat' dir='ltr'><strong>oceani,</strong></span> 
     </span>
    </p>
   </div>
   <div class='ocr_carea' id='block_1_3' title="bbox 185 4488 1296 4594">
    <p class='ocr_par' dir='ltr' id='par_1_3' title="bbox 185 4488 1296 4594">
     <span class='ocr_line' id='line_1_27' title="bbox 185 4488 1296 4594; baseline 0.007 -32"><span class='ocrx_word' id='word_1_144' title='bbox 185 4591 188 4594; x_wconf 21' lang='grc' dir='ltr'>Ι</span> <span class='ocrx_word' id='word_1_145' title='bbox 330 4488 447 4563; x_wconf 89' lang='lat' dir='ltr'><strong>Paulo</strong></span> <span class='ocrx_word' id='word_1_146' title='bbox 465 4501 665 4588; x_wconf 82' lang='lat' dir='ltr'><strong>antequam</strong></span> <span class='ocrx_word' id='word_1_147' title='bbox 683 4491 807 4592; x_wconf 87' lang='lat' dir='ltr'><strong>surgit</strong></span> <span class='ocrx_word' id='word_1_148' title='bbox 823 4515 935 4593; x_wconf 88' lang='lat' dir='ltr'><strong>super</strong></span> <span class='ocrx_word' id='word_1_149' title='bbox 950 4491 1131 4568; x_wconf 88' lang='lat' dir='ltr'><strong>fluctibus</strong></span> <span class='ocrx_word' id='word_1_150' title='bbox 1148 4507 1296 4587; x_wconf 89' lang='lat' dir='ltr'><strong>ventus,</strong></span> 
     </span>
    </p>
   </div>
   <div class='ocr_carea' id='block_1_4' title="bbox 330 4629 1371 4877">
    <p class='ocr_par' dir='ltr' id='par_1_4' title="bbox 330 4629 1371 4877">
     <span class='ocr_line' id='line_1_28' title="bbox 331 4629 1257 4734; baseline 0.01 -33"><span class='ocrx_word' id='word_1_151' title='bbox 331 4629 496 4716; x_wconf 87' lang='lat' dir='ltr'><strong>Quando</strong></span> <span class='ocrx_word' id='word_1_152' title='bbox 514 4630 718 4707; x_wconf 88' lang='lat' dir='ltr'><strong>inclinatur</strong></span> <span class='ocrx_word' id='word_1_153' title='bbox 735 4633 816 4734; x_wconf 89' lang='lat' dir='ltr'><strong>ejus</strong></span> <span class='ocrx_word' id='word_1_154' title='bbox 835 4645 950 4734; x_wconf 89' lang='lat' dir='ltr'><strong>caput</strong></span> <span class='ocrx_word' id='word_1_155' title='bbox 965 4635 1012 4708; x_wconf 86' lang='lat' dir='ltr'><strong>ad</strong></span> <span class='ocrx_word' id='word_1_156' title='bbox 1032 4632 1257 4734; x_wconf 86' lang='lat' dir='ltr'><strong>crepidines,</strong></span> 
     </span>
     <span class='ocr_line' id='line_1_29' title="bbox 330 4767 1371 4877; baseline 0.01 -34"><span class='ocrx_word' id='word_1_157' title='bbox 330 4767 546 4845; x_wconf 86' lang='lat' dir='ltr'><strong>Confestim</strong></span> <span class='ocrx_word' id='word_1_158' title='bbox 563 4771 672 4847; x_wconf 90' lang='lat' dir='ltr'><strong>venit</strong></span> <span class='ocrx_word' id='word_1_159' title='bbox 689 4775 885 4849; x_wconf 84' lang='lat' dir='ltr'><strong>exercitus</strong></span> <span class='ocrx_word' id='word_1_160' title='bbox 904 4775 1082 4850; x_wconf 87' lang='lat' dir='ltr'><strong>Carbaris</strong></span> <span class='ocrx_word' id='word_1_161' title='bbox 1098 4776 1147 4851; x_wconf 87' lang='lat' dir='ltr'><strong>ad</strong></span> <span class='ocrx_word' id='word_1_162' title='bbox 1165 4777 1246 4877; x_wconf 87' lang='lat' dir='ltr'><strong>ejus</strong></span> <span class='ocrx_word' id='word_1_163' title='bbox 1263 4777 1371 4853; x_wconf 84' lang='lat' dir='ltr'><strong>latur.</strong></span> 
     </span>
    </p>
   </div>
   <div class='ocr_carea' id='block_1_5' title="bbox 729 4939 1040 5004">
    <p class='ocr_par' dir='ltr' id='par_1_5' title="bbox 729 4939 1040 5004">
     <span class='ocr_line' id='line_1_30' title="bbox 729 4939 1040 5004; baseline 0.006 -6"><span class='ocrx_word' id='word_1_164' title='bbox 729 4939 745 4976; x_wconf 78' lang='lat'>¹</span> <span class='ocrx_word' id='word_1_165' title='bbox 758 4941 778 5004; x_wconf 87' lang='lat' dir='ltr'><strong>i.</strong></span> <span class='ocrx_word' id='word_1_166' title='bbox 792 4960 818 5001; x_wconf 81' lang='lat' dir='ltr'><strong>e.</strong></span> <span class='ocrx_word' id='word_1_167' title='bbox 832 4942 944 5000; x_wconf 77' lang='lat' dir='ltr'><strong>offerret</strong></span> <span class='ocrx_word' id='word_1_168' title='bbox 957 4941 1040 5000; x_wconf 80' lang='lat' dir='ltr'><strong>ultrd.</strong></span> 
     </span>
    </p>
   </div>
   <div class='ocr_carea' id='block_1_6' title="bbox 0 0 2102 6006">
    <p class='ocr_par' dir='ltr' id='par_1_6' title="bbox 0 0 2102 6006">
     <span class='ocr_line' id='line_1_31' title="bbox 0 0 2102 6006; baseline 0 3"><span class='ocrx_word' id='word_1_169' title='bbox 0 0 2102 6006; x_wconf 95' lang='lat' dir='ltr'><strong> </strong></span> 
     </span>
    </p>
   </div>
  </div>
 </body>
</html>
