<?xml version="1.0" encoding="UTF-8"?>
<!DOCTYPE html PUBLIC "-//W3C//DTD XHTML 1.0 Transitional//EN"
    "http://www.w3.org/TR/xhtml1/DTD/xhtml1-transitional.dtd">
<html xmlns="http://www.w3.org/1999/xhtml" xml:lang="en" lang="en">
 <head>
  <title>
</title>
<meta http-equiv="Content-Type" content="text/html;charset=utf-8" />
  <meta name='ocr-system' content='tesseract 3.04.00' />
  <meta name='ocr-capabilities' content='ocr_page ocr_carea ocr_par ocr_line ocrx_word'/>
</head>
<body>
  <div class='ocr_page' id='page_1' title='image "./poemsossianinor00londgoog_0284.png"; bbox 0 0 4194 6006; ppageno 0'>
   <div class='ocr_carea' id='block_1_1' title="bbox 372 762 1484 849">
    <p class='ocr_par' dir='ltr' id='par_1_1' title="bbox 372 762 1484 849">
     <span class='ocr_line' id='line_1_1' title="bbox 372 762 1484 849; baseline -0.002 -7"><span class='ocrx_word' id='word_1_1' title='bbox 372 791 409 842; x_wconf 82' lang='lat' dir='ltr'><strong>v.</strong></span> <span class='ocrx_word' id='word_1_2' title='bbox 429 773 586 849; x_wconf 77' lang='lat'>74-101.</span> <span class='ocrx_word' id='word_1_3' title='bbox 809 762 1060 842; x_wconf 57' lang='lat' dir='ltr'>TEMOR‘AJ&#39;</span> <span class='ocrx_word' id='word_1_4' title='bbox 1411 771 1484 848; x_wconf 75' lang='lat'><strong>275</strong></span> 
     </span>
    </p>
   </div>
   <div class='ocr_carea' id='block_1_2' title="bbox 356 983 1409 4873">
    <p class='ocr_par' dir='ltr' id='par_1_2' title="bbox 371 983 1276 1087">
     <span class='ocr_line' id='line_1_2' title="bbox 371 983 1276 1087; baseline -0.004 -25"><span class='ocrx_word' id='word_1_5' title='bbox 371 987 569 1086; x_wconf 77' lang='lat' dir='ltr'><strong>surgentis</strong></span> <span class='ocrx_word' id='word_1_6' title='bbox 592 985 778 1085; x_wconf 67' lang='lat' dir='ltr'><strong>[horridi]</strong></span> <span class='ocrx_word' id='word_1_7' title='bbox 800 985 984 1062; x_wconf 80' lang='lat' dir='ltr'><strong>auda&#39;cter</strong></span> <span class='ocrx_word' id='word_1_8' title='bbox 998 1009 1066 1087; x_wconf 77' lang='lat' dir='ltr'><strong>per</strong></span> <span class='ocrx_word' id='word_1_9' title='bbox 1081 983 1276 1085; x_wconf 77' lang='lat' dir='ltr'><strong>procellas.</strong></span> 
     </span>
    </p>

    <p class='ocr_par' dir='ltr' id='par_1_3' title="bbox 369 1123 1334 1228">
     <span class='ocr_line' id='line_1_3' title="bbox 369 1123 1334 1228; baseline -0.004 -26"><span class='ocrx_word' id='word_1_10' title='bbox 369 1127 456 1204; x_wconf 89' lang='lat' dir='ltr'><strong>Illic</strong></span> <span class='ocrx_word' id='word_1_11' title='bbox 478 1127 598 1228; x_wconf 82' lang='lat' dir='ltr'><strong>(erat)</strong></span> <span class='ocrx_word' id='word_1_12' title='bbox 620 1128 800 1204; x_wconf 85' lang='lat' dir='ltr'><strong>Ossianus</strong></span> <span class='ocrx_word' id='word_1_13' title='bbox 817 1131 888 1205; x_wconf 67' lang='lat' dir='ltr'><strong>rex</strong></span> <span class='ocrx_word' id='word_1_14' title='bbox 906 1126 1066 1202; x_wconf 84' lang='lat' dir='ltr'><strong>blandus</strong></span> <span class='ocrx_word' id='word_1_15' title='bbox 1081 1123 1334 1215; x_wconf 75' lang='lat' dir='ltr'><strong>modulorum,</strong></span> 
     </span>
    </p>

    <p class='ocr_par' dir='ltr' id='par_1_4' title="bbox 369 1267 1305 1367">
     <span class='ocr_line' id='line_1_4' title="bbox 369 1267 1305 1367; baseline -0.002 -25"><span class='ocrx_word' id='word_1_16' title='bbox 369 1267 420 1342; x_wconf 88' lang='lat' dir='ltr'><strong>Et</strong></span> <span class='ocrx_word' id='word_1_17' title='bbox 436 1267 534 1343; x_wconf 85' lang='lat' dir='ltr'><strong>filius</strong></span> <span class='ocrx_word' id='word_1_18' title='bbox 552 1269 698 1343; x_wconf 81' lang='lat' dir='ltr'><strong>Mornae</strong></span> <span class='ocrx_word' id='word_1_19' title='bbox 716 1269 877 1344; x_wconf 84' lang='lat' dir='ltr'>bellator</span> <span class='ocrx_word' id='word_1_20' title='bbox 893 1267 947 1342; x_wconf 81' lang='lat' dir='ltr'><strong>nd&#39;</strong></span> <span class='ocrx_word' id='word_1_21' title='bbox 960 1271 1076 1367; x_wconf 84' lang='lat' dir='ltr'><strong>caput</strong></span> <span class='ocrx_word' id='word_1_22' title='bbox 1090 1288 1305 1366; x_wconf 84' lang='lat' dir='ltr'><strong>procerum.</strong></span> 
     </span>
    </p>

    <p class='ocr_par' dir='ltr' id='par_1_5' title="bbox 368 1405 1235 1510">
     <span class='ocr_line' id='line_1_5' title="bbox 368 1405 1235 1510; baseline 0 -28"><span class='ocrx_word' id='word_1_23' title='bbox 368 1407 564 1484; x_wconf 81' lang='lat' dir='ltr'><strong>Exiliebat</strong></span> <span class='ocrx_word' id='word_1_24' title='bbox 583 1405 731 1484; x_wconf 86' lang='lat' dir='ltr'><strong>Connal</strong></span> <span class='ocrx_word' id='word_1_25' title='bbox 748 1433 859 1510; x_wconf 77' lang='lat' dir='ltr'><strong>super</strong></span> <span class='ocrx_word' id='word_1_26' title='bbox 874 1408 982 1484; x_wconf 58' lang='lat' dir='ltr'><strong>hasti</strong></span> <span class='ocrx_word' id='word_1_27' title='bbox 999 1408 1046 1484; x_wconf 83' lang='lat' dir='ltr'><strong>ab</strong></span> <span class='ocrx_word' id='word_1_28' title='bbox 1063 1408 1166 1484; x_wconf 62' lang='lat' dir='ltr'><strong>undu</strong></span> <span class='ocrx_word' id='word_1_29' title='bbox 1178 1417 1196 1499; x_wconf 86' lang='lat'><strong>;.&#39;</strong></span> <span class='ocrx_word' id='word_1_30' title='bbox 1220 1466 1235 1482; x_wconf 85' lang='lat'><strong>..</strong></span> 
     </span>
    </p>

    <p class='ocr_par' dir='ltr' id='par_1_6' title="bbox 369 1548 1316 1650">
     <span class='ocr_line' id='line_1_6' title="bbox 369 1548 1316 1650; baseline 0.003 -28"><span class='ocrx_word' id='word_1_31' title='bbox 369 1548 621 1649; x_wconf 81' lang='lat' dir='ltr'><strong>Expandebat</strong></span> <span class='ocrx_word' id='word_1_32' title='bbox 639 1548 799 1622; x_wconf 89' lang='lat' dir='ltr'><strong>Dermid</strong></span> <span class='ocrx_word' id='word_1_33' title='bbox 815 1548 943 1625; x_wconf 74' lang='lat' dir='ltr'><strong>furtos</strong></span> <span class='ocrx_word' id='word_1_34' title='bbox 961 1549 1141 1650; x_wconf 66' lang='lat' dir='ltr'><strong>cupillou3</strong></span> <span class='ocrx_word' id='word_1_35' title='bbox 1165 1615 1168 1623; x_wconf 26' lang='lat' dir='ltr'><strong>r</strong></span> <span class='ocrx_word' id='word_1_36' title='bbox 1313 1586 1316 1599; x_wconf 88' lang='lat'><em>·</em></span> 
     </span>
    </p>

    <p class='ocr_par' dir='ltr' id='par_1_7' title="bbox 368 1689 1300 1780">
     <span class='ocr_line' id='line_1_7' title="bbox 368 1689 1200 1780; baseline 0.002 -18"><span class='ocrx_word' id='word_1_37' title='bbox 368 1689 565 1763; x_wconf 83' lang='lat' dir='ltr'><strong>Flectebat</strong></span> <span class='ocrx_word' id='word_1_38' title='bbox 581 1689 697 1762; x_wconf 82' lang='lat' dir='ltr'><strong>Folan</strong></span> <span class='ocrx_word' id='word_1_39' title='bbox 715 1713 823 1762; x_wconf 84' lang='lat' dir='ltr'><strong>suum</strong></span> <span class='ocrx_word' id='word_1_40' title='bbox 838 1713 966 1764; x_wconf 85' lang='lat' dir='ltr'><strong>arcum</strong></span> <span class='ocrx_word' id='word_1_41' title='bbox 977 1703 1069 1766; x_wconf 43' lang='lat' dir='ltr'><strong>*cum</strong></span> <span class='ocrx_word' id='word_1_42' title='bbox 1088 1689 1200 1780; x_wconf 83' lang='lat' dir='ltr'><strong>fristu,</strong></span> 
     </span>
    </p>

    <p class='ocr_par' dir='ltr' id='par_1_8' title="bbox 366 1810 1400 1930">
     <span class='ocr_line' id='line_1_8' title="bbox 366 1810 1400 1930; baseline 0.006 -28"><span class='ocrx_word' id='word_1_43' title='bbox 366 1827 594 1904; x_wconf 84' lang='lat' dir='ltr'><strong>Venatorius</strong></span> <span class='ocrx_word' id='word_1_44' title='bbox 608 1810 763 1930; x_wconf 65' lang='lat' dir='ltr'><strong>junonis</strong></span> <span class='ocrx_word' id='word_1_45' title='bbox 781 1829 829 1904; x_wconf 82' lang='lat' dir='ltr'><strong>ad</strong></span> <span class='ocrx_word' id='word_1_46' title='bbox 845 1850 1025 1928; x_wconf 77' lang='lat' dir='ltr'><strong>maguum</strong></span> <span class='ocrx_word' id='word_1_47' title='bbox 1043 1831 1184 1908; x_wconf 85' lang='lat' dir='ltr'><strong>flumen</strong></span> <span class='ocrx_word' id='word_1_48' title='bbox 1201 1829 1400 1908; x_wconf 83' lang='lat' dir='ltr'><strong>clivorum.</strong></span> 
     </span>
    </p>

    <p class='ocr_par' dir='ltr' id='par_1_9' title="bbox 369 1968 1323 2072">
     <span class='ocr_line' id='line_1_9' title="bbox 369 1968 1323 2072; baseline 0.006 -30"><span class='ocrx_word' id='word_1_49' title='bbox 369 1969 465 2056; x_wconf 84' lang='lat' dir='ltr'><strong>Quis</strong></span> <span class='ocrx_word' id='word_1_50' title='bbox 483 1968 547 2043; x_wconf 88' lang='lat' dir='ltr'><strong>ille</strong></span> <span class='ocrx_word' id='word_1_51' title='bbox 567 1969 645 2044; x_wconf 87' lang='lat' dir='ltr'><strong>illic</strong></span> <span class='ocrx_word' id='word_1_52' title='bbox 668 1969 864 2070; x_wconf 77' lang='lat' dir='ltr'><strong>(praeiens)</strong></span> <span class='ocrx_word' id='word_1_53' title='bbox 886 1969 934 2044; x_wconf 79' lang='lat' dir='ltr'><strong>nd</strong></span> <span class='ocrx_word' id='word_1_54' title='bbox 952 1983 1067 2072; x_wconf 77' lang='lat' dir='ltr'><strong>caput</strong></span> <span class='ocrx_word' id='word_1_55' title='bbox 1082 1983 1323 2049; x_wconf 76' lang='lat' dir='ltr'><strong>strenuorum</strong></span> 
     </span>
    </p>

    <p class='ocr_par' dir='ltr' id='par_1_10' title="bbox 366 2107 1190 2209">
     <span class='ocr_line' id='line_1_10' title="bbox 366 2107 1190 2209; baseline 0.006 -27"><span class='ocrx_word' id='word_1_56' title='bbox 366 2107 491 2182; x_wconf 86' lang='lat' dir='ltr'><strong>Instar</strong></span> <span class='ocrx_word' id='word_1_57' title='bbox 507 2107 627 2209; x_wconf 76' lang='lat' dir='ltr'><strong>asperi</strong></span> <span class='ocrx_word' id='word_1_58' title='bbox 646 2111 778 2183; x_wconf 68' lang='lat' dir='ltr'><strong>cursus</strong></span> <span class='ocrx_word' id='word_1_59' title='bbox 796 2111 974 2184; x_wconf 83' lang='lat' dir='ltr'><strong>torrentis</strong></span> <span class='ocrx_word' id='word_1_60' title='bbox 992 2108 1015 2184; x_wconf 75' lang='grc' dir='ltr'>ὲ</span> <span class='ocrx_word' id='word_1_61' title='bbox 1031 2114 1190 2187; x_wconf 82' lang='lat' dir='ltr'><strong>monte?</strong></span> 
     </span>
    </p>

    <p class='ocr_par' dir='ltr' id='par_1_11' title="bbox 366 2248 1221 2354">
     <span class='ocr_line' id='line_1_11' title="bbox 366 2248 1221 2354; baseline 0.005 -32"><span class='ocrx_word' id='word_1_62' title='bbox 366 2249 463 2335; x_wconf 84' lang='lat' dir='ltr'><strong>Quis</strong></span> <span class='ocrx_word' id='word_1_63' title='bbox 482 2249 638 2324; x_wconf 81' lang='lat' dir='ltr'><strong>estillic</strong></span> <span class='ocrx_word' id='word_1_64' title='bbox 657 2248 737 2323; x_wconf 82' lang='lat' dir='ltr'><strong>nisi</strong></span> <span class='ocrx_word' id='word_1_65' title='bbox 748 2249 848 2324; x_wconf 83' lang='lat' dir='ltr'><strong>filius</strong></span> <span class='ocrx_word' id='word_1_66' title='bbox 864 2250 1015 2326; x_wconf 81' lang='lat' dir='ltr'><strong>Ossinni</strong></span> <span class='ocrx_word' id='word_1_67' title='bbox 1034 2253 1221 2354; x_wconf 85' lang='lat' dir='ltr'><strong>princeps,</strong></span> 
     </span>
    </p>

    <p class='ocr_par' dir='ltr' id='par_1_12' title="bbox 365 2390 1088 2489">
     <span class='ocr_line' id='line_1_12' title="bbox 365 2390 1088 2489; baseline 0.003 -25"><span class='ocrx_word' id='word_1_68' title='bbox 365 2390 471 2464; x_wconf 89' lang='lat' dir='ltr'><strong>Sicut</strong></span> <span class='ocrx_word' id='word_1_69' title='bbox 488 2390 702 2466; x_wconf 80' lang='lat' dir='ltr'><strong>coruscatio</strong></span> <span class='ocrx_word' id='word_1_70' title='bbox 719 2391 819 2489; x_wconf 86' lang='lat' dir='ltr'><strong>ignis</strong></span> <span class='ocrx_word' id='word_1_71' title='bbox 831 2391 937 2468; x_wconf 73' lang='lat' dir='ltr'><strong>“inter</strong></span> <span class='ocrx_word' id='word_1_72' title='bbox 955 2392 1088 2484; x_wconf 89' lang='lat' dir='ltr'><strong>crines,</strong></span> 
     </span>
    </p>

    <p class='ocr_par' dir='ltr' id='par_1_13' title="bbox 365 2529 1213 2632">
     <span class='ocr_line' id='line_1_13' title="bbox 365 2529 1213 2632; baseline 0 -26"><span class='ocrx_word' id='word_1_73' title='bbox 365 2529 438 2606; x_wconf 84' lang='lat' dir='ltr'><strong>Per</strong></span> <span class='ocrx_word' id='word_1_74' title='bbox 455 2543 607 2632; x_wconf 83' lang='lat' dir='ltr'><strong>tergum</strong></span> <span class='ocrx_word' id='word_1_75' title='bbox 626 2531 772 2632; x_wconf 81' lang='lat' dir='ltr'>capillis</span> <span class='ocrx_word' id='word_1_76' title='bbox 790 2532 917 2631; x_wconf 75' lang='lat' dir='ltr'><strong>long‘i&#39;s</strong></span> <span class='ocrx_word' id='word_1_77' title='bbox 934 2533 973 2606; x_wconf 92' lang='lat' dir='ltr'><strong>in</strong></span> <span class='ocrx_word' id='word_1_78' title='bbox 991 2533 1101 2625; x_wconf 77' lang='lat' dir='ltr'><strong>citro,</strong></span> <span class='ocrx_word' id='word_1_79' title='bbox 1210 2571 1213 2579; x_wconf 45' lang='lat'><strong>⁴</strong></span> 
     </span>
    </p>

    <p class='ocr_par' dir='ltr' id='par_1_14' title="bbox 363 2671 1357 2772">
     <span class='ocr_line' id='line_1_14' title="bbox 363 2671 1357 2772; baseline 0.002 -26"><span class='ocrx_word' id='word_1_80' title='bbox 363 2672 570 2772; x_wconf 87' lang='lat' dir='ltr'><strong>Supercilio</strong></span> <span class='ocrx_word' id='word_1_81' title='bbox 589 2672 769 2753; x_wconf 72' lang='lat' dir='ltr'><strong>subfusco</strong></span> <span class='ocrx_word' id='word_1_82' title='bbox 786 2671 1063 2746; x_wconf 78' lang='lat' dir='ltr'><strong>semicelatbin</strong></span> <span class='ocrx_word' id='word_1_83' title='bbox 1081 2672 1174 2750; x_wconf 74' lang='lat' dir='ltr'><strong>durt</strong></span> <span class='ocrx_word' id='word_1_84' title='bbox 1195 2671 1357 2772; x_wconf 64' lang='lat' dir='ltr'><strong>(galet),</strong></span> 
     </span>
    </p>

    <p class='ocr_par' dir='ltr' id='par_1_15' title="bbox 363 2810 1409 2912">
     <span class='ocr_line' id='line_1_15' title="bbox 363 2810 1409 2912; baseline 0.003 -27"><span class='ocrx_word' id='word_1_85' title='bbox 363 2810 414 2885; x_wconf 88' lang='lat' dir='ltr'><strong>Et</strong></span> <span class='ocrx_word' id='word_1_86' title='bbox 431 2811 560 2910; x_wconf 84' lang='lat' dir='ltr'><strong>gladio</strong></span> <span class='ocrx_word' id='word_1_87' title='bbox 581 2823 711 2912; x_wconf 84' lang='lat' dir='ltr'>strupo</span> <span class='ocrx_word' id='word_1_88' title='bbox 733 2811 929 2910; x_wconf 78' lang='lat' dir='ltr'><strong>(alligato.)</strong></span> <span class='ocrx_word' id='word_1_89' title='bbox 949 2821 1182 2912; x_wconf 67' lang='lat' dir='ltr'><strong>pervagante</strong></span> <span class='ocrx_word' id='word_1_90' title='bbox 1201 2816 1282 2912; x_wconf 86' lang='lat' dir='ltr'><strong>ejus</strong></span> <span class='ocrx_word' id='word_1_91' title='bbox 1300 2813 1409 2905; x_wconf 82' lang='lat' dir='ltr'><strong>latus,</strong></span> 
     </span>
    </p>

    <p class='ocr_par' dir='ltr' id='par_1_16' title="bbox 362 2950 1157 3052">
     <span class='ocr_line' id='line_1_16' title="bbox 362 2950 1157 3052; baseline 0.003 -26"><span class='ocrx_word' id='word_1_92' title='bbox 362 2951 413 3026; x_wconf 90' lang='lat' dir='ltr'><strong>Et</strong></span> <span class='ocrx_word' id='word_1_93' title='bbox 432 2953 512 3052; x_wconf 89' lang='lat' dir='ltr'><strong>ejus</strong></span> <span class='ocrx_word' id='word_1_94' title='bbox 529 2950 638 3028; x_wconf 64' lang='lat' dir='ltr'><strong>hasti</strong></span> <span class='ocrx_word' id='word_1_95' title='bbox 657 2950 966 3028; x_wconf 82' lang='lat' dir='ltr'><strong>euntis-micante</strong></span> <span class='ocrx_word' id='word_1_96' title='bbox 984 2950 1157 3036; x_wconf 54' lang='lat' dir='ltr'><strong>immani.</strong></span> 
     </span>
    </p>

    <p class='ocr_par' dir='ltr' id='par_1_17' title="bbox 362 3090 1009 3192">
     <span class='ocr_line' id='line_1_17' title="bbox 362 3090 1009 3192; baseline -0.006 -24"><span class='ocrx_word' id='word_1_97' title='bbox 362 3092 458 3191; x_wconf 84' lang='lat' dir='ltr'><strong>Fugi</strong></span> <span class='ocrx_word' id='word_1_98' title='bbox 477 3117 551 3192; x_wconf 87' lang='lat' dir='ltr'><strong>ego</strong></span> <span class='ocrx_word' id='word_1_99' title='bbox 567 3090 590 3166; x_wconf 73' lang='grc' dir='ltr'>ὲ</span> <span class='ocrx_word' id='word_1_100' title='bbox 606 3091 726 3166; x_wconf 86' lang='lat' dir='ltr'><strong>feroci</strong></span> <span class='ocrx_word' id='word_1_101' title='bbox 745 3094 860 3168; x_wconf 76' lang='lat' dir='ltr'><strong>oculo</strong></span> <span class='ocrx_word' id='word_1_102' title='bbox 873 3091 1009 3183; x_wconf 83' lang='lat' dir='ltr'>herois,</span> 
     </span>
    </p>

    <p class='ocr_par' dir='ltr' id='par_1_18' title="bbox 363 3233 1202 3472">
     <span class='ocr_line' id='line_1_18' title="bbox 363 3233 1202 3332; baseline 0.004 -25"><span class='ocrx_word' id='word_1_103' title='bbox 363 3233 398 3307; x_wconf 93' lang='grc' dir='ltr'><strong>Ο</strong></span> <span class='ocrx_word' id='word_1_104' title='bbox 415 3257 485 3308; x_wconf 86' lang='lat' dir='ltr'><strong>rex</strong></span> <span class='ocrx_word' id='word_1_105' title='bbox 503 3233 683 3325; x_wconf 84' lang='lat' dir='ltr'><strong>Temorae,</strong></span> <span class='ocrx_word' id='word_1_106' title='bbox 705 3233 814 3332; x_wconf 83' lang='lat' dir='ltr'><strong>cujus</strong></span> <span class='ocrx_word' id='word_1_107' title='bbox 833 3245 894 3308; x_wconf 85' lang='lat' dir='ltr'><strong>est</strong></span> <span class='ocrx_word' id='word_1_108' title='bbox 907 3258 1045 3332; x_wconf 83' lang='lat' dir='ltr'><strong>magna</strong></span> <span class='ocrx_word' id='word_1_109' title='bbox 1061 3233 1202 3312; x_wconf 70' lang='lat' dir='ltr'><strong>fama.”</strong></span> 
     </span>
     <span class='ocr_line' id='line_1_19' title="bbox 414 3372 1126 3472; baseline 0.001 -24"><span class='ocrx_word' id='word_1_110' title='bbox 414 3374 559 3472; x_wconf 88' lang='lat' dir='ltr'><strong>“Fuge</strong></span> <span class='ocrx_word' id='word_1_111' title='bbox 578 3387 631 3465; x_wconf 88' lang='lat' dir='ltr'><strong>tu,</strong></span> <span class='ocrx_word' id='word_1_112' title='bbox 652 3372 875 3448; x_wconf 75' lang='lat' dir='ltr'><strong>ho&#39;mo&#39;vilin</strong></span> <span class='ocrx_word' id='word_1_113' title='bbox 887 3373 969 3450; x_wconf 60' lang='lat' dir='ltr'><strong>,sine</strong></span> <span class='ocrx_word' id='word_1_114' title='bbox 988 3373 1068 3464; x_wconf 86' lang='lat' dir='ltr'><strong>vi‚’&#39;</strong></span> <span class='ocrx_word' id='word_1_115' title='bbox 1124 3417 1126 3426; x_wconf 72' lang='lat'>‚</span> 
     </span>
    </p>

    <p class='ocr_par' dir='ltr' id='par_1_19' title="bbox 361 3513 1142 3608">
     <span class='ocr_line' id='line_1_20' title="bbox 361 3513 1142 3608; baseline 0.003 -20"><span class='ocrx_word' id='word_1_116' title='bbox 361 3514 475 3588; x_wconf 88' lang='lat' dir='ltr'><strong>Dixit</strong></span> <span class='ocrx_word' id='word_1_117' title='bbox 491 3513 695 3589; x_wconf 82' lang='lat' dir='ltr'><strong>Foldathus</strong></span> <span class='ocrx_word' id='word_1_118' title='bbox 713 3514 755 3588; x_wconf 92' lang='lat' dir='ltr'><strong>in</strong></span> <span class='ocrx_word' id='word_1_119' title='bbox 772 3514 955 3590; x_wconf 73' lang='lat' dir='ltr'><strong>torvitate¹</strong></span> <span class='ocrx_word' id='word_1_120' title='bbox 973 3539 1049 3588; x_wconf 78' lang='lat' dir='ltr'><strong>suae</strong></span> <span class='ocrx_word' id='word_1_121' title='bbox 1066 3515 1142 3608; x_wconf 84' lang='lat' dir='ltr'><strong>irae,</strong></span> 
     </span>
    </p>

    <p class='ocr_par' dir='ltr' id='par_1_20' title="bbox 364 3655 1073 3755">
     <span class='ocr_line' id='line_1_21' title="bbox 364 3655 1073 3755; baseline 0 -25"><span class='ocrx_word' id='word_1_122' title='bbox 364 3656 511 3754; x_wconf 86' lang='lat' dir='ltr'><strong>“Fuge</strong></span> <span class='ocrx_word' id='word_1_123' title='bbox 529 3655 575 3730; x_wconf 84' lang='lat' dir='ltr'><strong>ad</strong></span> <span class='ocrx_word' id='word_1_124' title='bbox 595 3667 660 3728; x_wconf 81' lang='lat' dir='ltr'><strong>tua</strong></span> <span class='ocrx_word' id='word_1_125' title='bbox 678 3674 772 3730; x_wconf 82' lang='lat' dir='ltr'><strong>cana</strong></span> <span class='ocrx_word' id='word_1_126' title='bbox 788 3655 930 3728; x_wconf 80' lang='lat' dir='ltr'><strong>fluenta</strong></span> <span class='ocrx_word' id='word_1_127' title='bbox 945 3655 1073 3755; x_wconf 80' lang='lat' dir='ltr'><strong>ipsius,</strong></span> 
     </span>
    </p>

    <p class='ocr_par' dir='ltr' id='par_1_21' title="bbox 362 3794 1045 3894">
     <span class='ocr_line' id='line_1_22' title="bbox 362 3794 1045 3894; baseline -0.001 -23"><span class='ocrx_word' id='word_1_128' title='bbox 362 3797 397 3871; x_wconf 94' lang='grc' dir='ltr'><strong>Ο</strong></span> <span class='ocrx_word' id='word_1_129' title='bbox 415 3796 468 3870; x_wconf 91' lang='lat' dir='ltr'><strong>fili</strong></span> <span class='ocrx_word' id='word_1_130' title='bbox 485 3796 600 3870; x_wconf 86' lang='lat' dir='ltr'><strong>animi</strong></span> <span class='ocrx_word' id='word_1_131' title='bbox 619 3795 751 3894; x_wconf 85' lang='lat' dir='ltr'><strong>exigui</strong></span> <span class='ocrx_word' id='word_1_132' title='bbox 769 3796 841 3871; x_wconf 82' lang='lat' dir='ltr'><strong>sub·</strong></span> <span class='ocrx_word' id='word_1_133' title='bbox 857 3794 1045 3893; x_wconf 83' lang='lat' dir='ltr'><strong>rubigine.</strong></span> 
     </span>
    </p>

    <p class='ocr_par' dir='ltr' id='par_1_22' title="bbox 360 3933 1192 4012">
     <span class='ocr_line' id='line_1_23' title="bbox 360 3933 1192 4012; baseline 0.001 0"><span class='ocrx_word' id='word_1_134' title='bbox 360 3937 499 4012; x_wconf 89' lang='lat' dir='ltr'><strong>Nonne</strong></span> <span class='ocrx_word' id='word_1_135' title='bbox 518 3937 620 4012; x_wconf 81' lang='lat' dir='ltr'><strong>visus</strong></span> <span class='ocrx_word' id='word_1_136' title='bbox 639 3948 698 4011; x_wconf 85' lang='lat' dir='ltr'><strong>est</strong></span> <span class='ocrx_word' id='word_1_137' title='bbox 714 3934 736 4010; x_wconf 71' lang='lat' dir='ltr'><strong>i</strong></span> <span class='ocrx_word' id='word_1_138' title='bbox 753 3957 812 4011; x_wconf 85' lang='lat' dir='ltr'><strong>me</strong></span> <span class='ocrx_word' id='word_1_139' title='bbox 830 3933 950 4010; x_wconf 77' lang='lat' dir='ltr'><strong>Oscar</strong></span> <span class='ocrx_word' id='word_1_140' title='bbox 966 3933 1192 4012; x_wconf 75' lang='lat' dir='ltr'><strong>subfuscusi</strong></span> 
     </span>
    </p>

    <p class='ocr_par' dir='ltr' id='par_1_23' title="bbox 359 4071 1269 4178">
     <span class='ocr_line' id='line_1_24' title="bbox 359 4071 1269 4178; baseline 0.008 -26"><span class='ocrx_word' id='word_1_141' title='bbox 359 4077 450 4152; x_wconf 91' lang='lat' dir='ltr'><strong>Vidi</strong></span> <span class='ocrx_word' id='word_1_142' title='bbox 469 4101 542 4177; x_wconf 84' lang='lat' dir='ltr'><strong>ego</strong></span> <span class='ocrx_word' id='word_1_143' title='bbox 559 4077 768 4178; x_wconf 86' lang='lat' dir='ltr'><strong>principem</strong></span> <span class='ocrx_word' id='word_1_144' title='bbox 785 4071 886 4151; x_wconf 76' lang='lat' dir='ltr'><strong>int&#39;er</strong></span> <span class='ocrx_word' id='word_1_145' title='bbox 902 4077 1140 4155; x_wconf 82' lang='lat' dir='ltr'><strong>certandum.</strong></span> <span class='ocrx_word' id='word_1_146' title='bbox 1266 4149 1269 4159; x_wconf 86' lang='lat'><em>.</em></span> 
     </span>
    </p>

    <p class='ocr_par' dir='ltr' id='par_1_24' title="bbox 359 4217 1053 4318">
     <span class='ocr_line' id='line_1_25' title="bbox 359 4217 1053 4318; baseline 0 -26"><span class='ocrx_word' id='word_1_147' title='bbox 359 4217 404 4292; x_wconf 92' lang='lat' dir='ltr'><strong>In</strong></span> <span class='ocrx_word' id='word_1_148' title='bbox 421 4217 589 4318; x_wconf 88' lang='lat' dir='ltr'><strong>periculo</strong></span> <span class='ocrx_word' id='word_1_149' title='bbox 608 4243 660 4291; x_wconf 83' lang='lat' dir='ltr'><strong>ex</strong></span> <span class='ocrx_word' id='word_1_150' title='bbox 678 4218 839 4292; x_wconf 81' lang='lat' dir='ltr'><strong>strenuis</strong></span> <span class='ocrx_word' id='word_1_151' title='bbox 856 4223 916 4296; x_wconf 73' lang='lat' dir='ltr'><strong>est</strong></span> <span class='ocrx_word' id='word_1_152' title='bbox 931 4217 1053 4294; x_wconf 72' lang='lat' dir='ltr'><strong>heros.</strong></span> 
     </span>
    </p>

    <p class='ocr_par' dir='ltr' id='par_1_25' title="bbox 362 4355 1199 4456">
     <span class='ocr_line' id='line_1_26' title="bbox 362 4355 1199 4456; baseline 0.007 -26"><span class='ocrx_word' id='word_1_153' title='bbox 362 4357 453 4456; x_wconf 89' lang='lat' dir='ltr'><strong>(At)</strong></span> <span class='ocrx_word' id='word_1_154' title='bbox 476 4359 623 4432; x_wconf 89' lang='lat' dir='ltr'><strong>tollitur</strong></span> <span class='ocrx_word' id='word_1_155' title='bbox 639 4355 747 4432; x_wconf 79' lang='lat' dir='ltr'><strong>hasta</strong></span> <span class='ocrx_word' id='word_1_156' title='bbox 763 4357 810 4432; x_wconf 82' lang='lat' dir='ltr'><strong>nb</strong></span> <span class='ocrx_word' id='word_1_157' title='bbox 828 4357 918 4434; x_wconf 73' lang='lat' dir='ltr'><strong>viris</strong></span> <span class='ocrx_word' id='word_1_158' title='bbox 935 4359 1076 4437; x_wconf 80' lang='lat' dir='ltr'><strong>aliisin</strong></span> <span class='ocrx_word' id='word_1_159' title='bbox 1094 4359 1177 4438; x_wconf 77' lang='lat' dir='ltr'><strong>acie</strong></span> <span class='ocrx_word' id='word_1_160' title='bbox 1187 4385 1199 4453; x_wconf 82' lang='lat'>3</span> 
     </span>
    </p>

    <p class='ocr_par' dir='ltr' id='par_1_26' title="bbox 359 4490 1131 4600">
     <span class='ocr_line' id='line_1_27' title="bbox 359 4497 1131 4600; baseline 0.004 -29"><span class='ocrx_word' id='word_1_161' title='bbox 359 4497 454 4572; x_wconf 89' lang='lat' dir='ltr'><strong>Sunt</strong></span> <span class='ocrx_word' id='word_1_162' title='bbox 470 4497 620 4598; x_wconf 87' lang='lat' dir='ltr'><strong>plurimi</strong></span> <span class='ocrx_word' id='word_1_163' title='bbox 638 4497 704 4573; x_wconf 88' lang='lat' dir='ltr'><strong>filii</strong></span> <span class='ocrx_word' id='word_1_164' title='bbox 723 4499 852 4574; x_wconf 78' lang='lat' dir='ltr'><strong>lernen</strong></span> <span class='ocrx_word' id='word_1_165' title='bbox 870 4501 975 4598; x_wconf 68' lang='lat' dir='ltr'><strong>aequt</strong></span> <span class='ocrx_word' id='word_1_166' title='bbox 992 4499 1131 4600; x_wconf 80' lang='lat' dir='ltr'><strong>ma&#39;gni.</strong></span> 
     </span>
    </p>

    <p class='ocr_par' dir='ltr' id='par_1_27' title="bbox 358 4638 1111 4740">
     <span class='ocr_line' id='line_1_28' title="bbox 358 4638 1111 4740; baseline 0 -26"><span class='ocrx_word' id='word_1_167' title='bbox 358 4638 482 4716; x_wconf 76' lang='lat' dir='ltr'><strong>Orex</strong></span> <span class='ocrx_word' id='word_1_168' title='bbox 497 4640 665 4715; x_wconf 84' lang='lat' dir='ltr'><strong>Temorae</strong></span> <span class='ocrx_word' id='word_1_169' title='bbox 682 4665 920 4740; x_wconf 84' lang='lat' dir='ltr'><strong>procerarum</strong></span> <span class='ocrx_word' id='word_1_170' title='bbox 938 4641 1111 4716; x_wconf 83' lang='lat' dir='ltr'><strong>arborum</strong></span> 
     </span>
    </p>

    <p class='ocr_par' dir='ltr' id='par_1_28' title="bbox 356 4777 1004 4873">
     <span class='ocr_line' id='line_1_29' title="bbox 356 4777 1004 4873; baseline 0 -17"><span class='ocrx_word' id='word_1_171' title='bbox 356 4777 540 4856; x_wconf 85' lang='lat' dir='ltr'><strong>Permitte</strong></span> <span class='ocrx_word' id='word_1_172' title='bbox 557 4778 650 4854; x_wconf 91' lang='lat' dir='ltr'><strong>mihi</strong></span> <span class='ocrx_word' id='word_1_173' title='bbox 668 4789 866 4857; x_wconf 71' lang='lat' dir='ltr'><strong>occurrtre</strong></span> <span class='ocrx_word' id='word_1_174' title='bbox 883 4779 1004 4873; x_wconf 73' lang='lat' dir='ltr'><strong>heroi·</strong></span> 
     </span>
    </p>
   </div>
   <div class='ocr_carea' id='block_1_3' title="bbox 0 0 2102 6006">
    <p class='ocr_par' dir='ltr' id='par_1_29' title="bbox 0 0 2102 6006">
     <span class='ocr_line' id='line_1_30' title="bbox 0 0 2102 6006; baseline 0 5"><span class='ocrx_word' id='word_1_175' title='bbox 0 0 2102 6006; x_wconf 95' lang='lat' dir='ltr'><strong> </strong></span> 
     </span>
    </p>
   </div>
  </div>
 </body>
</html>
