4172 5982
376 773 613 852 mss-521.
820 765 1027 844 FINGAL.

370 993 535 1080 Quinam
556 1001 645 1067 sunt
661 991 802 1066 similes
821 991 986 1067 nubibus
1005 988 1206 1082 aterrimis‚

371 1134 512 1210 Gladio
528 1134 725 1233 utriusque
742 1133 924 1235 principis
942 1147 987 1208 ut
1003 1133 1095 1232 igne
1113 1133 1154 1210 in
1172 1133 1380 1210 fluctibus?

368 1275 438 1352 Est
456 1274 921 1352 tumultuosa-obscuritas
940 1273 981 1348 in
998 1271 1099 1349 facie
1117 1276 1358 1366 tumulorum,

367 1417 624 1492 Tremuerunt
640 1417 786 1519 scopuli
805 1417 992 1492 undarum
1015 1416 1055 1490 in
1072 1417 1214 1493 littore.

369 1557 538 1644 Quinam
556 1571 646 1633 sunt
662 1558 736 1634 nisi
755 1559 942 1635 Suaranus
959 1559 1114 1634 navium

366 1699 418 1774 Et
435 1701 611 1804 princeps
631 1701 762 1776 Iemes
781 1701 830 1776 de
850 1727 925 1800 quo
944 1702 1110 1776 eduntur
1128 1702 1322 1778 carmina?

365 1843 461 1918 Sunt
478 1843 580 1919 oculi
600 1843 842 1918 exercituum
862 1843 1057 1917 intuentes
1075 1841 1221 1940 obliqui
1314 1847 1485 1941 [sursum.

365 1983 413 2058 In
439 1984 574 2061 heroas
599 1985 664 2083 qui
692 2009 770 2060 non
798 1997 907 2060 erant
931 1961 1073 2058 inertes
1101 1983 1203 2060 inter
1226 1985 1488 2062 inclinandum

366 2125 522 2202 Cecidit
539 2153 618 2202 nox
638 2153 749 2228 super
766 2125 990 2202 conflictum
1008 2123 1188 2218 heroum;

366 2268 520 2345 Celavit
538 2281 733 2346 certamen
751 2269 978 2348 bellatorum
997 2267 1079 2343 sine
1098 2267 1273 2344 victoria.

364 2409 412 2484 In
429 2423 560 2486 monte
581 2437 647 2512 per
666 2423 790 2486 totum
809 2412 972 2512 spatium
992 2411 1102 2486 ericae

363 2552 616 2628 Accumulata
632 2569 690 2628 est
709 2579 731 2626 a
748 2554 936 2653 Dorglase
955 2552 1121 2642 venatio,
1142 2549 1325 2651 (preda)

365 2695 461 2781 Quae
480 2692 607 2770 fuerat
624 2707 814 2796 prostrata
830 2719 898 2796 per
914 2720 1067 2796 operam
1079 2694 1281 2794 juvenum,

362 2835 584 2934 Priusquam
599 2837 837 2936 reliquerunt
849 2837 905 2912 illi
919 2851 1348 2913 montanum-cacumen
1361 2835 1494 2910 rubro·

361 2977 642 3056 Erantcentum
650 2979 723 3055 viri
735 2979 1160 3070 convellentesericam,
1176 2981 1274 3076 [rum
1284 3002 1493 3054 cervorum.

361 3119 509 3196 Decem
528 3123 785 3197 accendentes
805 3122 1113 3222 scintillas-ignis
1131 3147 1289 3212 sursum,

360 3261 542 3336 Trecenti
561 3259 769 3362 seligentes
787 3263 931 3364 lapides
950 3267 1076 3356 laeves,

362 3401 529 3478 Centum
548 3404 741 3481 caedentes
760 3403 921 3478 ferinam
940 3405 1141 3495 celeriter;

364 3544 603 3620 Cernebatur
621 3569 739 3646 vapor
757 3545 1008 3622 circumcirca
1026 3559 1066 3622 et
1084 3545 1321 3622 convivium.

407 3687 519 3763 Tunc
539 3689 689 3764 locutus
708 3699 768 3762 est
786 3701 890 3762 meta
906 3671 1065 3790 hospitii
1089 3687 1246 3789 (hospes
1266 3687 1471 3785 liberalis)

360 3828 541 3930 Princeps
559 3829 691 3904 Iemes
709 3829 827 3904 animi
843 3829 985 3930 magni,

359 3971 591 4048 Incumbens
609 3971 728 4046 hastae
747 3971 848 4044 inter
864 3971 1109 4070 surgendum,

358 4112 420 4186 Ad
439 4112 558 4187 filium
577 4114 700 4204 Fenae,
721 4111 880 4188 bardum
899 4112 965 4211 qui
985 4123 1065 4187 erat
1083 4114 1274 4213 egregius,

364 4261 387 4295 “
407 4253 524 4330 Carul
544 4279 594 4329 ex
613 4267 787 4356 tempore
805 4255 895 4330 olim
918 4253 1122 4354 (temporis
1140 4255 1290 4358 prisci)

360 4396 488 4482 Quare
505 4397 749 4496 expandatur
767 4421 878 4472 coena
893 4393 987 4470 mihi
1005 4395 1088 4496 ipsi,

361 4535 412 4610 Et
429 4537 480 4610 sit
497 4562 565 4610 rex
587 4537 783 4613 Lochlinis
802 4539 965 4614 telorum
982 4539 1192 4638 priscorum

358 4677 406 4752 In
423 4677 553 4753 littore
571 4678 702 4754 Iemes
720 4679 802 4754 sine
821 4679 1003 4755 convivio
1022 4681 1063 4755 in
1079 4682 1239 4756 monte?

361 4817 431 4894 Est
449 4821 582 4922 procul
600 4846 735 4896 cervus
754 4821 951 4900 Lochlinis
968 4823 1016 4900 ab
1034 4820 1162 4916 heroe,
