4184 5998
364 757 399 851 l.
425 781 552 852 rs-rs.
822 775 1052 852 TEMORA.
1082 769 1086 776 ’
1419 783 1490 859 sss

358 999 481 1074 Juxta
498 1001 595 1074 latus
614 992 796 1075 torrentis
813 999 1055 1075 fremebundi
1074 996 1225 1073 noctis?

358 1143 453 1216 Sunt
470 1142 661 1242 principes
679 1141 878 1217 Morvenis
899 1141 939 1216 iu
957 1165 1089 1216 somno
1107 1163 1219 1240 super
1234 1137 1416 1240 planitie3

359 1282 472 1357 Haud
490 1283 697 1358 amiserunt
715 1283 770 1357 illi
789 1283 908 1358 filium
926 1282 1060 1358 dluce.

359 1425 549 1500 Amisistis
567 1427 790 1500 bellatorem
809 1438 1003 1500 strenuum
1022 1423 1063 1498 in
1080 1423 1301 1513 certamine,

357 1565 393 1638 Ο
412 1567 603 1667 principes
622 1566 821 1642 Morvenis
839 1566 1032 1641 sonituum
1051 1565 1224 1640 altorum.

358 1707 454 1793 Quis
475 1707 638 1781 bellator
656 1720 738 1782 erat
754 1732 822 1808 par
834 1705 971 1808 juveni
990 1721 1157 1796 strenuo,

355 1847 415 1921 Ad
435 1849 532 1922 latus
549 1849 671 1948 asperi
691 1848 896 1924 conflietds
913 1847 1141 1948 proeliorum,

356 1989 483 2064 Instar
500 1989 677 2089 caliginis
695 1990 824 2089 gravis
842 2014 1023 2087 aquarum
1041 1989 1258 2064 vastarum?

356 2133 485 2217 Quare
503 2147 562 2206 est
578 2157 685 2206 meus
703 2131 850 2205 animus
870 2129 985 2230 ipsius
1004 2129 1075 2204 sub
1091 2129 1279 2204 moerore?
1323 2127 1477 2230 [eulum,

355 2271 466 2346 Esset
473 2273 622 2372 justum
634 2271 727 2346 mihi
743 2271 886 2368 (debeo
899 2273 994 2370 ego)
1009 2271 1268 2346 flammescere
1279 2283 1368 2344 ante
1379 2269 1477 2368 peri-

354 2413 466 2488 lerne
483 2414 530 2488 ad
549 2439 669 2489 meam
689 2437 843 2488 manum
862 2437 950 2489 cum
968 2411 1123 2504 viribus,

354 2556 462 2655 Rege
480 2556 612 2630 Selmae
630 2556 712 2630 solo
730 2581 818 2630 cum
836 2554 967 2655 copiis.

354 2697 401 2770 In
417 2697 626 2772 solitudine
643 2722 721 2772 nou
740 2697 815 2770 erit
832 2721 938 2770 meus
956 2709 1064 2797 pater
1082 2709 1266 2788 strenuus,

354 2838 519 2925 Quando
538 2837 700 2936 erigitur
715 2837 824 2912 hasta
841 2837 958 2935 longa
974 2835 1068 2910 milri
1086 2838 1168 2938 ipsi.

403 2978 578 3054 Processi
598 3002 672 3078 ego
691 2977 731 3052 iu
751 2977 843 3052 meis
861 2977 973 3053 armis
991 2979 1132 3070 statim,

354 3121 444 3196 Mea
463 3145 553 3194 aure
571 3120 618 3194 ad
638 3145 775 3194 vocem
793 3120 1011 3218 languidam
1029 3119 1166 3195 noctis.

353 3261 465 3336 Haud
485 3259 712 3336 audiebatur
729 3263 887 3362 clypeus
905 3261 1054 3336 Folauis
1073 3261 1342 3353 victoriarum3

350 3403 524 3478 Tremuit
541 3428 647 3477 meus
665 3403 811 3477 animus
831 3402 936 3476 circa
954 3403 1127 3478 velocem
1146 3404 1264 3478 filium
1286 3405 1400 3504 regis.

352 3545 481 3631 Quare
501 3545 614 3620 cadat
631 3544 891 3618 strenuus-vir
909 3545 1132 3644 capillorum
1150 3544 1442 3625 subfuscomm?

352 3686 480 3772 Quare
498 3685 657 3761 veniant
672 3686 801 3760 hostes
817 3683 893 3760 huc
910 3710 978 3786 per
995 3689 1176 3764 noctem?

352 3827 486 3926 Longe
504 3853 555 3901 ex
571 3827 733 3902 adverso
752 3841 833 3902 erat
849 3828 985 3903 surdus
1003 3827 1187 3923 fremitus,

351 3969 457 4043 Sicut
475 3969 636 4068 plangor
653 3967 825 4068 lugubris
843 3967 866 4044 a
882 3972 970 4046 lacu
987 3970 1113 4070 Legae,

351 4110 518 4198 Quando
537 4109 739 4184 subsidunt
757 4113 839 4212 ejus
856 4137 963 4210 aqua
981 4109 1004 4185 d
1021 4111 1139 4186 latere
1157 4112 1196 4186 in
1214 4112 1323 4204 latus,

350 4251 398 4325 In
415 4251 480 4325 die
499 4251 564 4348 qui
582 4263 641 4325 est
659 4251 819 4327 blandus
838 4267 878 4328 et
899 4254 1016 4354 (quo)
1039 4254 1132 4352 gelu
1154 4253 1253 4353 (est)
1275 4255 1431 4344 lentum,

350 4393 488 4468 Glacie
506 4395 588 4468 tota
605 4409 867 4493 se·rumpeute
886 4408 925 4468 et
943 4407 1135 4495 gemente,

353 4533 443 4632 (Et)
464 4535 571 4633 prole
589 4533 693 4609 Larae
712 4527 889 4610 intuente
907 4536 1063 4635 oblique
1081 4537 1196 4611 coelos

348 4673 400 4750 Et
417 4676 592 4776 capiente
611 4675 683 4750 sibi
705 4678 977 4777 (expectante)
998 4679 1216 4778 procellam.

349 4818 495 4917 Aspexi
514 4817 693 4893 Folauem
712 4817 918 4893 obscurum
936 4831 1095 4908 mutum,
