4172 5982
402 813 437 865 v.
454 791 639 868 ros-465.
868 791 1077 867 FINGAL.

418 1019 423 1028 '
449 1014 542 1090 Este
559 1015 697 1108 moesti,
718 1015 921 1115 progenies
940 1015 1160 1106 carminum,

400 1157 543 1258 Proper
560 1157 802 1232 Sithallinum
819 1181 1036 1257 asperorum
1054 1155 1227 1232 heroum

402 1297 508 1374 Leva
524 1311 577 1390 tu,
600 1299 703 1390 Evir‚
724 1311 832 1373 tuum
850 1309 986 1398 pectus
1006 1297 1211 1372 candidum

401 1439 463 1515 Ob
481 1453 723 1541 praestantem
741 1441 934 1515 Ardanum
955 1439 1094 1514 irarum
1111 1436 1305 1530 ferarum

400 1580 458 1657 Ut
476 1582 552 1656 duo
572 1583 738 1683 capreoli
758 1581 985 1657 ceciderunt
1002 1580 1042 1654 in
1060 1591 1192 1654 monte

400 1723 477 1798 Sub
496 1749 611 1798 manu
628 1723 782 1800 Suarani
800 1721 999 1796 fuscorum
1018 1730 1235 1810 scutorum3

402 1862 500 1942 Cum
519 1863 702 1940 movit-se
720 1889 795 1965 prae
816 1861 893 1937 suis
911 1860 1079 1936 millibus
1097 1861 1269 1948 strenue,

399 2001 457 2080 Ut
473 2005 577 2080 larva
594 2005 635 2078 in
652 2030 738 2080 aere
755 2005 931 2096 nubium,

402 2145 534 2236 Larva‚
557 2171 641 2244 quae
660 2147 770 2222 sedet
790 2147 830 2221 in
849 2173 1002 2248 vapore,

401 2286 606 2362 Semifacta
623 2287 672 2362 de
690 2288 830 2362 nebuld
847 2288 894 2363 ab
912 2288 1102 2386 aquilone,

403 2427 502 2504 Cum
521 2429 682 2504 inclinat
698 2429 840 2521 navita,
862 2429 927 2528 qui
945 2429 1047 2504 houd
1065 2442 1125 2504 est
1142 2429 1264 2520 vivus,

401 2571 591 2646 Intuitum
610 2573 735 2646 luctus
758 2572 1017 2670 (luctuosum)
1039 2571 1079 2646 in
1098 2597 1259 2646 summas
1278 2573 1410 2648 undas.

451 2713 538 2788 Nec
556 2711 742 2788 dormivit
759 2724 825 2787 tua
841 2737 973 2787 munus
986 2713 1105 2813 juxta
1121 2725 1230 2788 tuum
1248 2715 1357 2804 latus,

401 2855 584 2955 Princeps
603 2855 733 2930 insulse
752 2855 895 2930 lenium
913 2853 1111 2946 imbrium;

401 2997 471 3074 Est
488 3011 597 3073 tuum
615 2999 741 3082 telum
753 2997 793 3073 in
811 2998 949 3074 itinere
969 2994 1197 3071 exuviarum

401 3138 459 3216 Ut
474 3138 607 3238 fulgur
623 3139 997 3214 flammas-emittens
1011 3137 1271 3230 vehementer,

403 3280 503 3355 Cum
522 3281 667 3355 cadunt
683 3279 813 3380 populi
831 3280 870 3354 in
888 3280 999 3368 valle,

403 3421 455 3496 Eu
470 3420 590 3496 facies
608 3420 801 3494 montium
813 3433 903 3494 sunt
918 3443 1059 3522 prunaes
1362 3419 1522 3520 [heroos

403 3560 435 3635 E
459 3559 613 3636 naribus
639 3559 800 3634 halitum
824 3560 1016 3636 violenter
1041 3563 1195 3638 efflabat
1215 3563 1388 3640 Duronal
1417 3589 1529 3665 super

402 3701 576 3778 Lavabat
592 3701 722 3777 Sifada
737 3703 919 3802 ungulam
938 3702 978 3776 in
997 3727 1143 3782 cruore.

402 3843 425 3920 J
429 3845 593 3919 acebant
610 3843 731 3918 fortes
749 3869 850 3944 pone
868 3842 1027 3935 affatim,

403 3983 528 4062 Instar
546 3984 651 4060 silvae
670 3985 711 4060 in
726 3985 881 4061 Cromla
898 3985 1140 4079 diluviorum,

403 4127 570 4214 Quando
586 4137 764 4202 movetur
780 4127 918 4202 flamen
935 4153 1003 4229 per
1020 4127 1159 4205 ericam

405 4267 501 4344 Cum
522 4268 682 4370 spectris
700 4269 807 4344 vanis
826 4271 965 4346 noctis.

453 4410 548 4486 Esto
566 4412 776 4511 lacrymosa
793 4412 833 4486 in
848 4413 1002 4513 rupibus
1020 4413 1235 4515 fragorum.

404 4552 499 4627 Filia
514 4553 654 4628 nobilis
672 4553 807 4634 insulae
821 4554 998 4648 navium;

404 4693 568 4771 Inflecte
587 4707 694 4770 tuum
713 4696 863 4770 vultum
882 4695 1089 4772 formosum
1108 4711 1214 4775 trans
1233 4723 1430 4794 oceanum,

403 4835 473 4929 Tu,
496 4861 579 4936 quae
598 4862 637 4914 es
655 4837 785 4941 purior·
802 4849 954 4940 spectro
972 4839 1011 4913 in
1029 4841 1187 4934 tumulo,
