4224 5996
759 1603 1134 1707 FINGAL.

788 2015 1010 2094 CARMEN
1035 2015 1105 2094 IV.

865 2451 901 2504 v.
924 2435 1026 2511 1-17.

395 2533 508 2674 Qum
527 2569 635 2647 venit
653 2595 741 2646 cum
760 2580 875 2646 cantu
894 2594 916 2642 a
934 2579 1076 2662 monto,

389 2713 514 2788 Instar
530 2737 639 2787 arcus
658 2711 770 2786 Lenae
786 2711 923 2808 [iridis]
940 2710 1118 2787 imbrium
1134 2711 1354 2786 lentorum?

389 2851 570 2953 Nympha
587 2851 692 2928 vocis
710 2853 846 2926 amoris
864 2864 923 2926 est
940 2851 1014 2942 illa,

390 2991 484 3066 Filia
497 2992 531 3067 T
532 2991 670 3068 oscaris
689 2993 798 3094 cujus
816 3005 874 3068 est
892 2991 1160 3068 candidissima
1177 3015 1320 3068 manus.

391 3134 495 3234 Saepe
513 3135 653 3210 audisti
671 3133 889 3210 cantionem
907 3131 928 3206 ὲ
946 3154 1008 3206 me
1025 3132 1129 3231 ipso;

392 3275 497 3374 Saepe
514 3271 717 3348 reddidisti
735 3284 779 3345 tu
795 3271 980 3367 lacrymas
995 3268 1299 3370 pulchritudinis.

391 3413 452 3486 An
469 3412 577 3486 venis
595 3423 637 3485 tu
654 3410 701 3485 ad
720 3423 915 3486 certamen
932 3421 1180 3499 strenuorum,

392 3551 453 3626 Ad
472 3549 642 3624 facinora
657 3549 809 3626 Oscaris
827 3552 1046 3626 caerularum
1064 3547 1294 3624 loricarum?

392 3691 558 3780 Quando
577 3691 701 3766 abibit
718 3691 843 3791 caligo
860 3716 882 3765 a
899 3691 1007 3766 Cond

389 3829 633 3904 Torrentium
647 3855 870 3930 magnorum
882 3857 1041 3932 quorum
1055 3833 1258 3908 altissimus
1272 3841 1332 3906 est
1344 3829 1490 3907 sonitus
1505 3832 1521 3904 ?

392 3969 661 4046 Praeterierunt
677 3971 752 4045 mei
771 3971 852 4048 dies
870 3972 911 4048 iu
929 3973 1158 4066 certamine3

391 4111 461 4188 Est
477 4139 562 4188 mea
578 4127 756 4189 senectus
773 4115 842 4188 sub
860 4113 991 4190 dolore
1009 4127 1050 4190 et
1069 4113 1315 4205 obscuritate,

394 4253 522 4330 Ofilia
538 4279 718 4330 munuum
736 4255 855 4330 instar
870 4255 983 4346 nivis,

393 4393 483 4470 Non
501 4393 557 4470 fui
577 4421 650 4495 ego
668 4397 723 4470 ita
740 4395 913 4494 lugubris
931 4393 1041 4472 etita
1060 4421 1197 4487 coecus,

394 4533 484 4609 Non
502 4536 558 4609 fui
577 4561 650 4635 ego
669 4536 723 4610 ita
739 4537 962 4610 obscuratus
980 4535 1062 4609 sine
1080 4538 1175 4626 visu,

394 4675 558 4761 Quando
578 4675 747 4750 reddidit
763 4675 946 4750 Eviraliin
965 4695 1074 4752 suum
1090 4699 1268 4766 amorem,

393 4813 575 4913 Nympha
591 4815 754 4890 formosa
770 4816 993 4914 capillorum
1012 4813 1288 4908 subfuscorum,

447 4977 547 5030 rou.
566 4979 616 5028 11.
966 4979 989 5029 1.
