4224 5996
438 805 475 860 v.
496 783 680 870 roe-ms.
887 773 1094 856 FINGAL
1487 789 1555 869 179

437 1004 602 1092 Quando
618 1001 903 1105 expergiscitur
919 1016 1002 1079 ater
1018 1013 1156 1080 ventus
1175 1017 1286 1106 supra

434 1146 646 1221 Effundens
664 1145 784 1220 undas
802 1146 842 1220 in
859 1145 968 1220 littus

434 1285 507 1362 Per
522 1311 917 1386 arenosum-campum
935 1287 1168 1362 desertamm
1186 1287 1353 1363 vallium.

482 1427 637 1502 Exarsit
653 1427 799 1503 animus
818 1426 1029 1502 Cucullinis
1047 1427 1149 1503 inter
1164 1429 1416 1530 spectandum
1429 1457 1452 1523 3·

433 1567 642 1644 Contraxit
659 1568 932 1645 obscuritatem
954 1569 1200 1671 supercilium
1217 1595 1339 1668 usque
1362 1569 1409 1645 ad
1427 1571 1548 1646 torvi·

430 1707 518 1784 Fuit
534 1709 615 1808 ejus
632 1735 764 1784 manus
782 1735 895 1811 super
913 1709 1042 1811 gladio
1060 1711 1258 1812 maj0runr‚¹
1276 1723 1278 1731 '
1392 1715 1549 1810 [tatemc

428 1847 520 1949 Ejus
537 1849 652 1924 ruber
668 1851 799 1926 oculus
817 1875 947 1925 versus
966 1852 1013 1926 ad
1030 1851 1161 1929 hostes
1178 1854 1319 1928 Iernest

427 1989 503 2064 Ter
520 1961 700 2066 extendit
717 1989 893 2092 princeps
910 2017 1062 2094 passus3

427 2127 633 2206 Continuit
650 2131 772 2207 Conal
789 2133 872 2234 ejus
889 2159 1038 2234 passum
1055 2147 1126 2212 ter.

429 2275 454 2312 ‘⁴
473 2269 599 2372 Caput
615 2273 745 2348 insulae
761 2273 862 2350 fusci
879 2277 1031 2377 vaporis
1048 2276 1158 2369 tardi,

425 2411 495 2487 Est
511 2437 582 2488 rex
601 2413 667 2513 qui
685 2415 851 2516 subjecit
868 2417 1000 2516 gladio
1014 2417 1187 2513 hostem3

424 2555 486 2630 Ne
505 2579 631 2654 quaere
646 2567 793 2657 partem
810 2558 942 2656 gloriae
958 2558 1151 2661 principis,

426 2693 524 2772 Cum
542 2697 592 2770 sit
610 2697 747 2798 ipsein
766 2699 869 2774 clivo
886 2713 931 2775 ut
946 2702 1153 2802 procella.”

476 2845 499 2879 “
517 2837 777 2932 Proficiscere,
799 2838 955 2932 Carul,”
974 2841 1078 2916 dixit
1095 2842 1281 2944 princeps,

425 2982 450 3018 “
467 2977 715 3053 Proficiscere
733 2980 909 3055 celeriter
926 2983 974 3056 ad
992 3009 1124 3084 regern
1142 2983 1364 3076 Morvenis3

420 3117 555 3194 Dicito
573 3121 733 3194 salutem
751 3122 908 3198 domino
925 3125 1092 3216 vallium,

420 3260 516 3335 Viro
534 3259 699 3335 caedenti
718 3273 759 3335 et
776 3264 1016 3338 consumenti
1035 3278 1241 3342 certamen.

419 3401 517 3478 Cum
534 3403 735 3478 refluxerit
753 3403 916 3478 Lochlin
935 3429 990 3499 ex*
1004 3405 1175 3498 adverso,
1196 3419 1241 3482 ut
1258 3401 1444 3485 diluvium

417 3543 508 3618 Post
525 3544 704 3644 pluviam,
727 3557 767 3620 et
783 3545 948 3620 subsidit
966 3558 1169 3641 certamen,

417 3685 474 3758 Sit
491 3711 570 3760 vox
588 3697 655 3760 tua
672 3686 796 3760 suavis
813 3685 853 3759 in
871 3688 952 3787 ejus
970 3713 1059 3762 aure

417 3827 591 3901 Laudans
608 3828 649 3900 in
667 3827 748 3928 ejus
767 3825 931 3902 victoria
948 3851 1079 3926 regem
1096 3827 1240 3906 Selmae.

412 3967 537 4044 Trade
554 3967 725 4067 gladium
743 3967 907 4044 Cabadis
924 3993 1065 4068 magno
1083 3970 1272 4062 bellatori,

415 4109 608 4226 Gladium,
627 4110 693 4209 qui
710 4109 925 4211 reportavit
942 4110 1102 4186 exuvias
1119 4137 1142 4185 a
1158 4111 1425 4212 praestantibus
1438 4113 1553 4206 viris3

285 4239 286 4242 ¹
414 4253 505 4326 Non
518 4254 604 4354 jure
620 4253 855 4353 (pertinent)
869 4251 916 4327 ad
937 4251 1190 4344 Cucullinem‚
1211 4278 1299 4328 cum
1317 4255 1367 4328 sit
1386 4255 1533 4348 debilis,

413 4395 527 4468 Anna
543 4395 727 4494 majorum
746 4394 811 4492 qui
829 4418 907 4467 non
925 4405 1122 4470 cesserunt
1138 4395 1178 4468 in
1194 4395 1338 4494 proelio.

461 4533 618 4634 Spectra
635 4534 809 4625 Cromlae,
831 4535 939 4636 cujus
958 4549 1017 4609 est
1034 4536 1223 4610 solitarius
1241 4537 1430 4636 scopulus,

409 4674 555 4748 Animae
572 4701 719 4774 magnae
737 4674 897 4750 heroum
915 4677 981 4774 qui
999 4677 1185 4768 abierunt,
1478 4659 1495 4668 ‘¹

410 4813 544 4890 Estote
562 4841 631 4890 vos
648 4815 750 4892 circa
767 4841 870 4892 meos
888 4842 1031 4917 passus,
1050 4843 1137 4894 cum
1153 4816 1225 4895 sim
1242 4817 1282 4893 in
1299 4819 1426 4912 luctu3
