4194 6006
349 769 384 822 v.
411 755 590 830 187·214.
789 745 1028 822 r'itEMORA.

346 969 548 1045 Trecentis
569 969 704 1068 (viris)
725 966 1047 1068 conpassibusad
1067 965 1317 1067 ejus-manum
1393 969 1397 978 '

350 1111 424 1186 Per
442 1111 582 1186 Lenam
600 1111 796 1210 plenorum
814 1109 1023 1186 rivulorum
1041 1107 1285 1198 caerulorum3

351 1251 467 1327 Canis
486 1253 643 1326 canibus
662 1249 882 1334 salientibus
900 1250 940 1324 in
958 1249 1060 1324 erich

350 1393 402 1468 Et
420 1418 548 1468 eorum
566 1417 696 1493 aspero
715 1355 1210 1492 ejulatu-se·spaigenteex
1227 1390 1400 1466 adverso.

353 1532 569 1633 Conspexit
586 1533 718 1633 Fingal
736 1533 959 1608 bellatorem
977 1531 1295 1631 proficiscentem,

352 1675 404 1750 Et
420 1673 564 1750 cecidit
581 1673 725 1748 animus
742 1673 925 1774 principis
941 1671 1011 1748 sub
1029 1673 1176 1748 luctum

353 1814 414 1890 Ex
432 1829 537 1891 metu
556 1814 732 1890 Carbaris
751 1814 1031 1914 cogitationum
1050 1811 1288 1890 sinistrarum

353 1956 401 2030 In
418 1956 551 2030 mediis
570 1955 728 2032 conchis
744 1953 1044 2055 hospitalitatum
1062 1951 1391 2036 interbibendum.

352 2095 513 2172 Sustulit
531 2121 636 2174 meus
654 2095 753 2170 filius
770 2093 915 2170 hastam
926 2093 1180 2170 ²Cormacieu
1195 2093 1367 2169 adverso.

355 2236 522 2312 Centum
540 2236 648 2311 bardi
667 2248 987 2336 ueneruntsuper
1004 2234 1158 2310 clivum.

354 2377 579 2452 Occultavit
598 2377 739 2452 Carbar
755 2389 926 2455 mortem.
936 2401 1019 2474 quae
1029 2387 1118 2450 erat
1134 2383 1268 2454 natans

356 2518 431 2593 Sub
449 2517 683 2594 obscuritate
702 2517 742 2594 iu
763 2516 850 2616 (eo)
871 2527 1043 2616 tempore
1061 2515 1201 2615 inejus
1211 2523 1386 2616 pectore.

358 2658 549 2733 Convivio
568 2659 745 2760 exposito
764 2669 804 2734 et
821 2657 1230 2746 conchissuuantibus,

357 2799 479 2875 Fulsit
495 2801 629 2876 laetitia
645 2800 685 2876 iu
703 2797 981 2898 vultupopuli3
1075 2829 1078 2836 ·

357 2939 411 3014 At
427 2939 560 3014 laetitia
577 2941 695 3014 instar
710 2939 814 3030 solis·
832 2939 974 3037 quiest
991 2935 1202 3036 languidus,

358 3080 526 3178 Obliqut
545 3081 780 3156 coruscantia
798 3103 867 3180 per
877 3075 1026 3160 radias
1045 3076 1173 3166 valles,

360 3223 464 3296 Dum
482 3221 547 3297 ille
562 3223 707 3300 occulit
724 3247 833 3296 suum
850 3221 1007 3296 rubrum
1025 3229 1140 3317 caput
1154 3216 1197 3290 in
1209 3215 1365 3294 nimbis.

410 3360 583 3436 Surrexit
600 3361 812 3436 Carbar.cx
831 3360 992 3436 aduorso
1006 3360 1051 3434 in
1072 3358 1183 3433 armis

360 3501 557 3602 Colligens
575 3501 847 3578 obscuritatem
864 3513 1099 3586 mortuorum
1114 3498 1157 3572 iu
1174 3523 1323 3598 genam.
1358 3501 1477 3596 [mum

361 3645 653 3744 suppresserunt
667 3639 823 3717 citharae
840 3653 994 3716 eentum
1006 3639 1249 3738 (bardorum)
1259 3663 1369 3718 suum
1379 3665 1479 3719 mur·

362 3783 575 3858 Exauditus
594 3795 653 3858 est
670 3783 828 3880 clangor
846 3782 1066 3879 clypeorum
1086 3781 1125 3858 in
1144 3781 1322 3860 circuitu.

365 3925 504 4000 Procul
522 3949 571 3998 ex
589 3924 750 3998 adverso
768 3943 879 4022 super
895 3921 1152 4022 prominentib
1170 3920 1359 4000 clivorum

364 4065 526 4140 Sustulit
536 4065 629 4139 .Olla
650 4064 883 4164 [capillatus]
909 4063 1130 4162 capillorum
1149 4087 1286 4140 vocem
1303 4061 1440 4140 luctlls.

363 4205 539 4303 Agnovit
557 4206 676 4280 Oscar
693 4205 803 4304 signa
818 4205 950 4280 mortis
963 4229 975 4294 ;

366 4343 557 4418 Semovit
574 4357 614 4418 et
630 4341 833 4444 prehendit
849 4344 932 4422 sine
950 4345 1055 4422 mort
1072 4369 1177 4422 stiam
1194 4343 1352 4422 hastam.

418 4489 442 4526 “
456 4484 618 4574 Oscar,”
637 4483 741 4562 dixit
758 4485 904 4560 Carbar
919 4485 1039 4577 rufus,

371 4623 500 4698 “Sum
520 4647 593 4722 ego
612 4623 747 4698 videus
764 4623 910 4700 hastam
929 4626 1174 4702 victoriarum
1192 4626 1333 4719 lamet,

366 4765 526 4841 Hastam
544 4766 697 4865 longam
713 4766 884 4844 'remora
897 4765 1084 4854 undarum
