4224 5996
381 763 385 770 .
451 727 487 779 v.
504 709 689 787 roa-325.
906 694 1111 772 FINGAL.

454 923 505 998 Et
521 923 708 997 allocutus
727 929 785 995 est
802 919 1025 994 bellatorem
1041 915 1143 992 haud
1161 939 1331 1016 parvum,

458 1063 682 1164 “Princeps
702 1062 893 1161 equitatus
911 1061 1077 1135 altorum
1094 1060 1267 1148 saltuum,

455 1205 541 1280 Rex
559 1204 751 1280 hastarum
774 1214 814 1276 et
831 1200 1099 1275 vulnificorum
1117 1199 1274 1289 ensium,
1369 1199 1461 1295 [non
1479 1197 1594 1291 cedit,

455 1347 594 1420 Manus
607 1357 760 1420 strenua
773 1345 813 1418 in
825 1365 1053 1442 quacunque
1068 1339 1254 1439 angustia,
1269 1363 1338 1414 cor
1350 1339 1480 1431 altum,
1495 1339 1598 1440 quod
1640 1411 1648 1418 .

454 1487 638 1588 Princeps
653 1511 803 1586 magne,
826 1483 933 1584 cujus
952 1494 1010 1558 est
1027 1480 1245 1556 acutissima
1262 1479 1546 1581 dura-chalybs,

456 1626 632 1703 Concide
650 1627 826 1719 advenas,
849 1636 889 1701 et
906 1649 956 1699 ne
973 1621 1148 1722 relinque
1167 1623 1242 1697 illis

453 1769 551 1844 Vela
567 1769 661 1860 alba,
684 1792 767 1868 quae
785 1777 944 1865 surgant
962 1765 1004 1839 in'
1020 1787 1175 1841 oceano.

453 1910 511 1985 Ut
528 1911 685 2000 tonitru,
707 1908 756 1984 sit
773 1919 839 1982 tua
856 1931 999 1998 manus,
1021 1930 1045 1979 o
1063 1904 1186 1996 heros,

452 2051 557 2126 Tuus
575 2053 690 2126 ruber
707 2049 840 2124 oculus
858 2057 903 2122 ut
919 2043 1303 2122 scintillans-flamma
1319 2045 1360 2121 in
1375 2045 1502 2148 capite
1515 2055 1593 2141 tuo,

452 2191 510 2268 Ut
527 2202 657 2266 cautes
676 2190 769 2265 dura
785 2202 892 2266 tuum
911 2213 978 2263 cor
995 2185 1035 2260 in
1053 2197 1121 2261 tuo
1138 2187 1270 2280 latere,

451 2331 510 2408 Ut
524 2331 657 2432 fulgur
674 2331 714 2406 in
732 2343 848 2406 nocte
866 2341 954 2405 tuus
973 2328 1135 2428 gladius,

451 2473 561 2548 Tolle
578 2485 729 2548 scutum
748 2485 792 2546 ut
809 2471 957 2546 stellam
974 2469 1118 2562 mortis,

451 2613 634 2714 Princeps
653 2613 843 2712 equitatus
860 2637 1088 2711 magnorum
1106 2610 1373 2688 fremituum.”

501 2754 677 2830 Surrexit
694 2779 759 2829 cor
773 2753 900 2828 herois
917 2721 1090 2828 sublime.

451 2895 572 2970 Venit
586 2909 689 2970 trans
705 2896 887 2994 [transiit]
903 2896 1086 2970 Suaranus
1105 2919 1192 2968 cum
1210 2893 1428 2988 certamine,

363 3008 372 3021 .
451 3033 626 3135 Perrupit
642 3046 792 3110 scutum
812 3035 1095 3110 umboniferum
1113 3034 1226 3109 Gallo
1237 3063 1248 3127 3

452 3175 568 3275 Cepit
583 3175 707 3250 Selma
722 3175 762 3249 in
779 3174 965 3254 colliculis
981 3175 1128 3274 fugam.

452 3317 586 3391 Statim
603 3315 789 3418 processit
806 3341 876 3390 rex
894 3316 1093 3391 Morvenls
1112 3316 1182 3390 sub
1200 3315 1336 3408 armis3

451 3457 631 3533 Elevavit
649 3481 785 3532 vocem
806 3481 973 3557 asperam
992 3471 1052 3532 ter
1063 3485 1074 3548 3

452 3598 666 3697 Respondit
685 3597 837 3673 Cromla
854 3599 901 3672 ab
919 3599 1010 3673 sede
1028 3597 1302 3698 procellarum

451 3739 569 3813 Stetit
585 3739 709 3840 proles
728 3739 966 3814 desertorum
983 3736 1170 3813 montium
1189 3763 1323 3839 supra3

394 3859 396 3862 ⁵
449 3880 690 3955 Inclindrunt
706 3903 896 3981 quemque
914 3880 1064 3956 vultum
1082 3879 1130 3955 ad
1148 3891 1289 3955 terram

451 4021 531 4096 Prae
548 4021 694 4122 pudore
712 4019 752 4094 in
769 4033 980 4122 conspeetu
997 4020 1113 4120 regis.

450 4161 508 4238 Ut
523 4162 686 4253 nimbus,
708 4161 947 4237 domicilium
965 4163 1155 4256 imbrium,

451 4301 665 4379 Descendit
682 4304 722 4378 in
740 4304 916 4378 die-solis
934 4305 957 4378 a
973 4305 1242 4397 mole-saxosa,

449 4444 553 4518 Arvo
572 4457 805 4546 expectante
823 4443 990 4545 pluviam
1009 4445 1271 4537 vehementer,

451 4583 502 4659 Et
517 4609 635 4684 parvo
656 4584 843 4660 exhausto
860 4585 944 4660 rivo
964 4600 1112 4662 errante
1129 4593 1199 4689 p'er
1216 4589 1366 4678 vallem,

451 4725 521 4802 Est
539 4727 794 4825 tranquillitas
813 4727 917 4803 circa
934 4727 1015 4827 ejus
1034 4741 1180 4805 motum
1198 4729 1238 4804 in
1256 4729 1358 4820 alto;
