4172 5982
367 817 405 870 v.
422 795 557 876 46-78.
797 786 1006 866 FINGAL.
1104 861 1110 874 .

363 1017 547 1102 Quaenam
566 1023 671 1088 terra
688 1016 746 1087 est
762 1017 872 1085 tuum
890 1009 1128 1086 domicilium
1146 1010 1187 1086 in
1203 1012 1362 1088 monte?

363 1159 491 1248 Mane,
514 1157 567 1230 fili
586 1155 749 1232 Cromlae
767 1167 949 1230 ventosa.

364 1296 570 1384 Quodnam
589 1307 648 1371 est
656 1297 808 1397 jugum,
830 1295 940 1396 cujus
958 1293 1094 1369 viridis
1115 1293 1214 1393 (est)
1235 1293 1447 1387 colliculus,

363 1439 549 1525 Quanam
566 1462 730 1512 caverna
747 1439 822 1535 qut
839 1437 949 1512 sedes
967 1449 1026 1510 est
1040 1433 1251 1536 principis?

362 1579 531 1655 Ubinam
548 1578 743 1654 inclinaris
761 1578 860 1653 tuin
878 1601 1051 1652 somnum
1070 1577 1256 1676 gravem?

364 1722 505 1798 Nonne
524 1721 666 1796 audiris
684 1733 727 1795 tu
746 1722 786 1795 in
804 1721 966 1819 strepitu
983 1717 1224 1809 nimborum3

364 1863 474 1938 Inter
490 1861 665 1961 fragores
683 1886 765 1936 sese
784 1860 1029 1936 effundentes
1046 1885 1116 1960 per
1132 1859 1282 1936 aciem?

366 2003 532 2091 Quando
550 2015 758 2078 cernentur
776 2011 842 2076 tua
860 1999 1033 2076 facinora
1049 2001 1246 2076 violenta?
1345 2003 1487 2098 [rum,”

367 2141 609 2216 Imbecillum
629 2152 687 2215 est
705 2152 898 2242 spectrum
916 2167 1030 2241 super
1052 2141 1153 2217 facie
1178 2141 1336 2218 molium
1353 2167 1487 2220 saxea·

417 2283 593 2357 Surrexit
612 2281 733 2356 Conal
752 2281 860 2381 cujus
879 2293 960 2356 erat
976 2281 1102 2356 suavis
1118 2283 1293 2382 loquelu3

241 2505 244 2514 ,
368 2421 570 2498 Profectus
589 2432 648 2494 cst
665 2419 729 2494 ille
747 2419 883 2519 ingens
902 2421 943 2496 in
961 2424 1038 2498 suis
1056 2425 1193 2516 armis;
1226 2491 1229 2500 .

370 2561 565 2636 Percussit
583 2561 762 2662 clypeum
782 2562 996 2640 Cucullinis
1016 2567 1082 2666 qui
1101 2581 1183 2643 erat
1202 2571 1394 2670 egregius,

369 2701 519 2776 Exiluit
536 2702 617 2776 dux
637 2701 855 2778 certaminis
873 2703 896 2778 a
913 2709 1042 2780 sonitu
1061 2709 1154 2808 ejus.

209 2881 214 2891 .
424 2849 448 2885 ‘⁴
467 2843 634 2933 Quare,''
653 2843 778 2941 inquit
794 2843 908 2920 heros
926 2872 1067 2939 eumue,

374 2981 535 3058 “Venit
554 2982 675 3058 Conal
694 3009 909 3084 asperarum
927 2989 1122 3089 plagarum
1141 2992 1188 3066 ab
1206 2993 1334 3070 erici?

371 3125 408 3201 Si
426 3127 618 3201 levaretur
634 3149 720 3198 mea
735 3123 844 3200 hasta
859 3127 907 3202 ad
927 3141 966 3204 te
985 3130 1306 3225 interficiendum,

372 3270 484 3344 Foret
503 3269 613 3342 dolor
629 3291 715 3340 mco
734 3267 871 3358 animo,
891 3267 1015 3344 heros.

373 3409 559 3508 Loquere,
581 3425 670 3486 nate
689 3411 854 3511 Colgare
875 3409 983 3510 (qui)
1005 3422 1088 3484 erat
1105 3422 1291 3488 strenuus.

373 3552 442 3627 Est
460 3564 525 3625 tua
541 3578 620 3626 vox
640 3553 759 3626 instar
776 3553 866 3627 solis
883 3552 1111 3651 fulgentis.”

425 3693 568 3768 “Nate
587 3695 707 3785 Semo,
729 3719 798 3794 per
815 3705 971 3768 noctem
989 3706 1108 3767 atram

372 3839 493 3913 Venit
511 3821 656 3936 Crugal
674 3863 695 3912 e
715 3839 883 3912 cavernt
899 3836 1058 3920 molium
1077 3861 1296 3948 saxearum;

374 3975 639 4052 Cernebantur
656 3978 775 4052 stellae
793 4003 862 4077 per
879 3977 961 4077 ejus
978 3976 1150 4069 formam,

375 4117 541 4204 Quando
559 4118 729 4191 surrexit
746 4119 829 4219 ejus
847 4143 927 4192 vox
946 4145 1033 4194 cum
1050 4121 1146 4211 nisu,

375 4257 444 4333 Est
459 4259 622 4333 nuncius
640 4258 774 4333 mortis
792 4259 857 4356 qui
875 4257 954 4333 illic
973 4257 1108 4335 adfuit.

376 4397 469 4472 Erat
487 4399 568 4498 ejus
585 4423 707 4472 sermo
725 4399 828 4473 lente
847 4399 896 4474 de
914 4400 1125 4500 sepulchro.

376 4537 471 4612 Pete
488 4563 633 4637 pacem,
655 4539 830 4640 princeps
849 4539 980 4615 Ierncs
999 4543 1173 4634 telorum,

376 4679 457 4752 Aut
475 4678 569 4780 fuge
588 4693 633 4755 tu
649 4681 750 4756 ultra
768 4680 910 4756 Lenam
927 4683 975 4756 ab
994 4686 1177 4758 oceano.”

431 4820 615 4897 “Audita
632 4832 691 4898 est
707 4820 730 4896 a
749 4822 893 4898 Conale
912 4827 993 4925 ejus
1011 4851 1089 4900 vox
1106 4827 1142 4900 !’'
