4172 5982
378 823 415 878 v.
434 811 617 880 aas-353.
840 799 1045 878 FINGAL.
1453 811 1499 878 88

377 1025 429 1100 Et
445 1037 504 1100 est
520 1025 561 1098 in
577 1023 685 1125 pejus
701 1023 864 1098 mutatio
882 1024 921 1098 in
938 1021 1072 1097 animis
1091 1021 1272 1096 virorum.

376 1165 468 1241 Erat
483 1163 610 1240 Sifada
628 1165 799 1239 eluctans
817 1164 996 1238 adversus
1013 1163 1283 1254 acclivitatem,

377 1305 581 1382 Duronalis
600 1305 815 1380 erat-velox
833 1329 984 1404 passus3

375 1446 503 1522 Instar
518 1446 702 1527 undarum
720 1443 822 1519 circa
838 1442 1036 1542 ingentem
1053 1469 1183 1547 aprum
1198 1445 1344 1536 oceani,

375 1587 683 1686 subsequebatur
698 1609 837 1685 agmen
853 1596 941 1686 post
957 1609 1032 1661 eos.

424 1729 471 1803 In
488 1729 607 1802 latere
626 1725 787 1801 Cromlae
802 1724 1138 1824 prominentiamm
1155 1727 1314 1804 altarum

375 1868 491 1944 Stetit
506 1868 616 1942 triste
635 1892 686 1941 ex
703 1865 863 1940 adverso
882 1889 1009 1940 semen
1027 1867 1167 1960 lemes,

375 2009 433 2085 Ut
450 2009 587 2108 ingens
605 2006 702 2082 silva
719 2005 917 2082 combusta
931 2031 1053 2106 usque
1071 2009 1119 2082 ad
1138 2022 1317 2084 truncum

374 2149 435 2224 Ab
452 2160 570 2224 vento
586 2158 776 2222 nocturno
794 2147 834 2222 in
850 2149 1087 2224 mole-saxea
1103 2151 1261 2242 oriente,

372 2287 409 2364 A
425 2313 466 2364 se
482 2287 650 2364 invicem
666 2289 783 2388 longe
804 2287 1037 2387 (arboribus)
1059 2289 1173 2406 aridis
1190 2290 1319 2384 fuscis,

374 2431 462 2506 Sine
477 2427 572 2504 folio
591 2453 701 2529 super
718 2441 848 2529 aperto
867 2441 1035 2506 sonante.

374 2571 555 2648 Cucullin
573 2582 654 2646 erat
671 2570 740 2644 sub
760 2595 903 2667 quercu
920 2593 970 2644 ex
989 2569 1162 2666 adverso,

370 2715 608 2806 Tacitumus,
627 2711 739 2786 heros
757 2709 931 2786 ciliorum
949 2713 1148 2806 lentomm,
1284 2811 1287 2818 λ

372 2855 424 2930 Et
440 2867 578 2932 ventus
596 2855 637 2928 in
655 2851 761 2926 crine
778 2876 927 2926 ramoso
945 2852 1066 2953 sopri,

373 2985 539 3071 Quando
556 2986 664 3068 venit
682 2993 1008 3094 vir-inspectionis
1026 2995 1170 3088 oceani,

372 3125 511 3202 Moran
527 3143 638 3206 natus
655 3131 805 3223 Fithilc,
827 3133 955 3210 bardo.

265 3303 268 3314 ¹
373 3275 398 3310 “
416 3268 566 3363 Classis,
588 3273 727 3364 classis,
748 3273 857 3348 adest

369 3407 430 3484 Ab
447 3411 523 3484 alta
540 3411 661 3487 insula
678 3413 870 3489 fuscorum
887 3414 1098 3492 montium!

369 3547 421 3622 Et
438 3550 580 3650 Fingal,
602 3565 717 3654 caput
733 3555 939 3654 agminum,
960 3554 1147 3656 princeps,

368 3691 439 3765 Vir
455 3693 681 3792 diffriugens
698 3693 809 3770 fusca
825 3707 956 3786 scuta3

368 3831 505 3931 Spuma
522 3834 608 3910 alba
624 3834 664 3908 in
682 3836 799 3910 latere
816 3835 983 3927 navium,

367 3971 418 4048 Et
433 3973 541 4050 malis
559 4001 647 4050 cum
664 3975 760 4049 velis
778 3975 962 4050 similibus
980 3975 1085 4051 silvae
1103 3977 1144 4052 iu
1160 3977 1280 4056 fluctu

366 4111 476 4188 Inter
492 4139 717 4192 concursum
745 4143 902 4218 gravem
918 4118 1118 4196 uubium.”

414 4254 529 4330 Dixit
547 4256 736 4350 Cucullin,
762 4265 786 4302 “
804 4257 908 4354 Effla,
930 4286 954 4334 o
972 4271 1101 4355 vente,

364 4393 425 4468 Ab
441 4395 563 4471 insula
579 4397 718 4474 blanda
733 4399 916 4475 nebulosa
933 4402 1091 4494 oceani3

364 4533 426 4609 Ad
442 4547 604 4610 mortem
620 4539 779 4614 millium
796 4541 897 4633 veui,
918 4541 1040 4634 heros,

363 4673 513 4750 Summe
530 4699 604 4752 rex
619 4679 749 4754 Sclmae
768 4681 877 4782 cujus
894 4709 1033 4782 magna
1050 4697 1109 4760 est
1125 4685 1215 4760 laus.

362 4815 457 4890 Sunt
474 4827 541 4892 tua
557 4821 654 4916 vela,
673 4823 726 4895 mi
744 4823 875 4914 amice,
897 4825 990 4898 mihi
1008 4825 1078 4923 ipsi

363 4951 421 5032 Ut
438 4961 653 5036 coruscatio
670 4988 809 5041 aurorae
827 4965 873 5040 ab
890 4964 1066 5057 nubibus,
