4184 5998
387 789 423 839 v.
443 773 625 849 eto-297.
842 761 1070 840 TEMORA.

384 982 525 1059 Radius
544 985 640 1060 lucis
660 983 741 1086 ejus
758 983 939 1060 desiderii
955 983 1026 1060 sub
1043 983 1118 1060 suis
1134 985 1291 1086 capillis,

383 1125 442 1198 Ab
462 1125 631 1202 Lumone
650 1126 836 1202 clivorum
854 1139 894 1202 et
911 1123 1076 1200 ruforum
1097 1125 1343 1225 (damarum).

383 1263 517 1366 Longe
537 1291 587 1340 ex
605 1267 765 1342 adverso
786 1266 940 1344 auditur
957 1291 1035 1342 vox

381 1405 416 1478 A
433 1407 575 1481 Fonare
593 1422 826 1508 spectromm
844 1421 884 1482 et
900 1407 1110 1500 modorum,

383 1545 481 1622 Cum
494 1546 608 1623 factis
623 1551 803 1648 gravibus
817 1549 997 1650 temporis
1012 1548 1262 1650 (antiquitus)
1277 1548 1507 1650 abantiquo.

381 1688 620 1763 Amittuntur
637 1687 827 1766 interdum
847 1691 1013 1766 carmina
1326 1693 1499 1788 [sonitus.

381 1829 427 1904 ln
446 1853 636 1905 murmure
652 1829 809 1907 Lubaris
829 1831 938 1932 cujus
954 1830 1058 1905 haud
1077 1831 1241 1932 exiguus
1256 1833 1429 1933 (parcus)
1444 1847 1503 1910 est

434 1978 459 2014 “
477 1971 686 2047 Habitabat
704 1970 908 2062 Crothar,”
926 1972 1031 2047 dixit
1049 1972 1199 2064 bardus,

386 2119 411 2154 “
429 2112 476 2186 In
492 2111 593 2188 Atha
610 2112 820 2189 rivulorum
846 2111 1081 2188 caerulorum.

385 2251 481 2328 Cum
499 2253 602 2328 mille
620 2252 816 2328 arboribus
833 2255 854 2328 ὲ
872 2255 991 2328 latere
1008 2252 1166 2326 molium
1182 2277 1399 2330 saxonanum

382 2359 558 2468 Surrexit
575 2393 810 2470 domicilium
829 2394 1026 2469 arduarum
1044 2395 1248 2494 epularum,

382 2533 469 2608 Illic
488 2532 564 2607 fuit
582 2547 795 2609 conventus
813 2533 949 2632 ingens
966 2534 1097 2634 populi
1243 2537 1339 2632 [leus
1357 2536 1498 2612 oculus.

382 2673 429 2750 In
445 2675 651 2750 circuitum
669 2675 841 2750 convivii
859 2676 960 2774 regis
978 2675 1087 2774 cujus
1104 2674 1181 2750 fuit
1197 2676 1362 2752 maxime
1381 2701 1500 2754 caeru·

383 2817 480 2905 Quis
497 2817 561 2891 ille
580 2816 681 2891 inter
696 2815 888 2917 principes
906 2813 1151 2888 victoriarum

384 2958 462 3044 Qui
481 2968 561 3032 erat
577 2982 645 3056 par
662 2954 839 3031 Crothari
857 2953 926 3028 sub
942 2953 1094 3052 glorie?

384 3097 709 3174 Flammescebant
726 3097 929 3174 bellatores
947 3093 987 3168 in
1002 3095 1201 3195 praesentid
1218 3097 1344 3194 regis;

382 3235 598 3336 Eruperunt
615 3234 773 3338 suspiria
786 3233 961 3328 furtim&
978 3235 1192 3335 virginibus

386 3378 489 3476 (Ob)
511 3378 732 3452 bellatorem
751 3378 939 3478 inclytum
958 3377 1151 3454 Alnecmae
1168 3377 1366 3468 clivorum,

384 3519 511 3619 Caput
526 3518 722 3594 nationum
740 3517 930 3593 fuscatum
947 3519 1159 3618 Belgarum.

431 3660 612 3758 [Indixit]
625 3660 811 3760 percussit
824 3659 889 3734 ille
903 3659 1147 3734 venationem
1160 3657 1201 3734 in
1210 3657 1342 3734 Ullius
1354 3657 1503 3760 placidi

382 3803 429 3876 In
447 3801 692 3876 extremitate
709 3799 829 3875 musci
849 3800 1080 3874 Drumardae.

383 3941 415 4015 E
432 3941 542 4040 sylvb
558 3939 814 4041 prospiciebat
830 3939 942 4040 virgo
961 3941 1402 4040 bellatorum-juvenum,

383 4079 477 4154 Filia
494 4081 700 4172 Cathmini‚
721 4082 770 4156 de
788 4081 863 4179 qul
878 4083 1127 4180 loquerentur
1145 4082 1264 4173 bardi,

236 4297 239 4302 .
385 4221 577 4296 Caeruleus
595 4224 726 4298 oculus
744 4248 858 4322 purus
876 4225 985 4322 cujus
1002 4237 1083 4298 erat
1101 4223 1320 4298 mollissima
1336 4247 1477 4298 manus.

383 4361 616 4464 Erumpebat
633 4363 713 4463 ejus
732 4364 931 4463 suspirium
950 4364 1167 4440 clanculum
1184 4364 1234 4440 ob
1251 4362 1376 4440 heroa.

381 4503 473 4578 Erat
489 4505 687 4579 inclinatio
705 4531 813 4604 genae
831 4505 989 4607 virginis
1007 4505 1220 4607 principum

383 4645 490 4719 Inter
506 4669 672 4720 errorem
690 4647 771 4746 ejus
788 4645 1009 4747 capillorum
1027 4644 1304 4721 subfuscorum.

383 4785 609 4862 intuebatur
625 4787 715 4862 luna
731 4811 798 4887 per
814 4799 980 4880 noctem,
1002 4787 1046 4862 ed
1063 4785 1185 4904 plens,
