4224 5996
772 1585 1154 1690 FINGAL.

803 1999 1027 2078 CARMEN
1052 2001 1127 2082 ΙΙΙ.

878 2445 915 2497 v.
937 2426 1043 2502 l-l7.
1184 2483 1187 2492 .

408 2539 432 2577 “
452 2539 574 2640 Surr
587 2557 761 2662 jucunda
776 2556 871 2635 mihi
890 2560 1009 2635 verba
1026 2537 1242 2653 carminis,”

402 2702 520 2781 Dixit
538 2699 729 2794 Cucullin‚
750 2700 915 2776 bellator
930 2725 1123 2802 procerus,

406 2851 431 2888 “
447 2843 517 2920 Est
527 2842 702 2946 jucunda
717 2841 877 2919 historia
893 2843 942 2918 de
959 2853 1131 2946 tempore
1149 2845 1252 2944 quod
1271 2844 1380 2938 abiit,

403 2985 547 3062 Blanda
564 2997 608 3060 ut
623 2986 764 3062 tacitus
783 3011 842 3061 ros
860 3010 1000 3060 aurorae
1018 2985 1123 3060 mitis

401 3127 520 3228 Super
536 3125 700 3202 arbustis
719 3139 759 3201 et
776 3127 962 3204 colliculis
980 3151 1211 3229 caprearum,

403 3268 570 3356 Quando
587 3267 710 3343 oritur
726 3269 782 3342 sol
800 3269 906 3342 lente

401 3411 518 3512 Super
535 3410 633 3484 latus
650 3409 900 3508 tranquillum
918 3431 1098 3484 canorum
1115 3409 1315 3502 montium,

401 3553 453 3628 Et
468 3553 571 3628 lacus
589 3551 747 3627 estsine
764 3549 1050 3652 perturbatione
1067 3551 1200 3651 procul
1215 3549 1316 3627 ultri

403 3694 516 3770 Lenis
535 3705 576 3770 et
593 3693 752 3770 caerulus
771 3692 811 3767 in
830 3693 907 3767 imo
925 3691 1094 3766 vallium.

401 3819 528 3927 Cauil,
549 3835 642 3911 tolle
660 3861 783 3916 rursus
801 3845 907 3910 tuam
924 3861 1073 3927 vocem,

402 3977 499 4064 Quae
518 3978 667 4053 elevata
684 3987 743 4052 est
761 3957 849 4052 rum
866 3976 1002 4052 laetitit
1020 3975 1060 4051 in
1077 3977 1173 4068 auli,

402 4119 568 4207 Quando
586 4131 667 4195 erat
682 4118 818 4219 Fingal
835 4115 1161 4195 umboniferorum
1178 4128 1373 4196 scutorum

399 4261 677 4338 Flammercens
696 4260 802 4336 circa
815 4259 988 4337 facinora
1003 4261 1271 4360 proavorum.”
1399 4249 1403 4260 ⁴

454 4409 479 4446 “
495 4403 641 4503 Fingal,
662 4402 917 4478 vir-habitans
936 4403 977 4478 in
995 4402 1243 4494 certamine,’'
1292 4463 1295 4468 ,

399 4541 518 4618 Dixit
535 4541 660 4634 Carul,
682 4543 792 4644 cujus
812 4555 893 4618 erat
911 4544 1153 4620 suavissimus
1172 4555 1316 4641 cantus,

403 4689 428 4726 “
445 4685 541 4759 Sunt
557 4685 718 4787 plurima
734 4697 799 4761 tua
815 4683 986 4761 facinora
1004 4699 1044 4762 et
1061 4687 1119 4761 tui
1136 4686 1259 4778 ictus;

400 4823 476 4900 Sub
493 4825 561 4900 tui
577 4825 634 4900 itt
650 4823 797 4902 cecidit
815 4825 978 4903 Lochlin
994 4828 1152 4904 navium
