4194 6006
441 767 476 817 v.
498 747 680 820 ast-411.
839 743 841 746 ’
906 740 1113 817 ῈΙΝΟΑΒ
1491 746 1565 819 257

445 962 644 1039 “Centies
662 963 776 1054 salve,
798 990 941 1040 summe
964 966 1004 1041 iu
1023 965 1151 1064 pugnd
1168 964 1262 1054 dux,

442 1105 525 1194 Vir,
543 1105 607 1202 qui
625 1105 803 1204 ingentes
822 1106 1015 1205 diffringis
1033 1107 1191 1205 clypeos
1203 1107 1241 1180 !”

494 1244 693 1321 “Centies
712 1247 792 1348 ipse
810 1249 954 1339 salve,”
973 1247 1076 1322 dixit
1094 1247 1151 1320 vir
1168 1245 1293 1336 fortis,

447 1393 471 1430 “
490 1385 563 1462 Cui
581 1402 670 1462 suut
685 1387 820 1462 heroes
839 1387 987 1487 egregii
1005 1400 1045 1461 et
1064 1389 1102 1462 in
1120 1389 1238 1462 latere
1257 1399 1298 1462 et
1316 1385 1356 1464 in
1374 1389 1510 1486 tergo!

442 1529 465 1606 J
469 1529 623 1604 ucunda
640 1527 733 1602 mihi
751 1542 810 1602 cst
827 1527 945 1602 facies
964 1541 1040 1617 tua,
1061 1552 1141 1617 rex,

445 1670 525 1756 Qui
541 1694 580 1756 es
598 1671 716 1744 instar
734 1669 822 1744 solis
841 1669 881 1743 in
900 1670 996 1742 saltu
1016 1668 1191 1758 Cromlae,

446 1812 544 1887 Cum
562 1809 718 1886 tristitia
735 1810 963 1911 opprimitur
980 1822 1151 1902 venator,

445 1953 582 2029 Donec
600 1965 778 2027 cernatur
795 1951 884 2026 ille*
904 1952 1041 2051 iugens
1059 1951 1099 2024 in
1116 1952 1292 2028 nubibus.

446 2094 532 2168 Filii
550 2092 619 2184 tui,
640 2093 740 2168 sicut
756 2092 874 2166 stellae
893 2090 940 2165 ad
957 2092 1054 2166 latus
1072 2104 1192 2186 tuum,

445 2235 639 2310 Incedunt
655 2235 695 2308 in
713 2233 866 2334 fulgore
883 2232 993 2307 famae
1011 2245 1087 2307 tuae

445 2376 710 2450 llluminantes
729 2377 973 2477 supercilium
989 2375 1128 2453 noctis

447 2515 591 2616 Fingal,
610 2514 713 2624 haud
732 2515 786 2592 ita
802 2543 864 2592 me

448 2655 694 2758 Conspexisti
712 2669 765 2752 tu,
786 2657 1003 2753 fortissime,
1024 2661 1064 2736 iu
1082 2664 1184 2738 tend
1200 2663 1276 2753 tud,

447 2799 546 2873 Cum
563 2799 801 2898 reliquerunt
818 2800 964 2875 domini
983 2802 1115 2876 mundi
1133 2815 1317 2893 montem,

447 2942 750 3043 Supervenitque
768 2943 904 3018 laetitia
920 2943 1033 3020 faciei
1053 2947 1239 3044 cujusque
1259 2945 1414 3019 saltds.’'

500 3089 525 3123 ‘⁶
537 3083 731 3158 Permulta
743 3097 832 3158 sunt
843 3087 960 3160 verba
973 3089 1078 3178 tua,’'
1090 3084 1193 3160 dixit
1205 3085 1339 3161 Conau
1353 3084 1565 3176 illaudatus,

448 3222 650 3298 Permultae
667 3239 757 3300 sunt
773 3251 888 3302 voces
906 3239 980 3301 tuae
1000 3227 1142 3320 inanes,
1164 3225 1217 3300 fili
1235 3225 1357 3317 Semi;

448 3361 495 3437 In
513 3364 707 3464 colloquio
724 3367 865 3442 audiris
883 3378 926 3442 tu
943 3369 1055 3444 solus.

335 3506 340 3515 ’
448 3505 528 3582 Ubi
547 3517 636 3581 sunt
653 3505 757 3582 facta
772 3520 839 3582 tua
856 3509 1081 3608 plagaeque?

449 3645 578 3730 Quare
595 3660 824 3746 perventum
840 3663 900 3725 est
917 3663 1019 3726 trans
1037 3677 1234 3740 oceanum,

448 3785 506 3862 Ut
520 3811 623 3861 arma
639 3787 741 3888 fugae
760 3793 947 3868 auxilium
964 3793 1137 3868 ferrent?

448 3925 596 4026 Fugisti
615 3929 662 4003 ad
682 3955 837 4030 specum
854 3947 962 4010 tuum
981 3933 1241 4033 contristatus,
1272 3901 1279 3916 ι

448 4066 499 4143 Et
517 4069 704 4167 reliquisti
723 4070 871 4150 Conaui
888 4075 1073 4176 proelium.

451 4209 557 4285 Cede
574 4211 668 4287 mihi
687 4211 768 4289 haec
787 4240 889 4290 arma
905 4214 1064 4314 fulgida,

450 4349 558 4426 Cede
576 4353 640 4426 illa
656 4355 749 4430 mihi
769 4356 849 4430 sine
867 4355 1012 4447 fraude,
1034 4357 1145 4456 Ieme
1164 4359 1293 4430 uate.'’

502 4499 527 4533 “
545 4491 670 4570 Nemo
688 4493 801 4571 fortis
818 4522 984 4595 uuquam
1002 4498 1213 4598 postulavit
1229 4496 1554 4597 gladium-meum,

449 4630 501 4707 Et
517 4633 547 4706 si
565 4637 804 4735 postulasset,
826 4637 926 4713 haud
945 4636 1139 4714 habuisset
1157 4629 1339 4737 gladium.

450 4770 584 4848 Conan
601 4775 858 4874 ignavissume
874 4777 1152 4869 scuto-indute,
1208 4787 1211 4795 ⁴

813 5005 817 5012 ,
930 4943 1081 5006 *mawl

501 5083 599 5136 ΤΟΗ.
622 5085 672 5138 11.
988 5088 1005 5136 8
