4194 6006
401 751 436 804 v.
453 735 637 816 tra-439.
852 727 1058 802 FINGAL
1448 733 1521 808 259

400 952 513 1027 Haud
531 951 667 1049 reliqui
685 975 759 1049 ego
777 975 953 1050 campum
971 949 1116 1023 editum
1134 947 1205 1022 sub
1225 971 1381 1047 angore,

400 1095 537 1170 Donec
556 1093 670 1168 cessit
688 1093 800 1166 Ierne
818 1091 921 1168 circa
936 1091 1040 1165 rivos
1060 1090 1189 1166 suos.”

453 1243 478 1277 “
498 1234 642 1324 Conon,
664 1233 771 1334 cujus
790 1233 1017 1308 inertissima
1032 1257 1164 1306 manus
1183 1231 1281 1321 est,”

401 1375 517 1450 Dixit
534 1399 605 1449 rex
626 1375 834 1466 Morvenis,
856 1399 1022 1449 summus
1038 1373 1254 1473 imperator,

406 1525 430 1559 “
446 1517 508 1592 Ne
525 1529 635 1590 utere
654 1515 782 1591 verbis
800 1518 896 1590 adeo
914 1515 1130 1606 audacibus,

402 1658 539 1733 Donec
558 1671 763 1732 cernantur
779 1658 901 1756 magis
918 1657 1035 1732 ardua
1050 1655 1222 1730 facinora
1238 1667 1313 1730 tua.

404 1798 585 1874 Cucullin
601 1799 769 1898 inclytus
787 1811 845 1872 est
863 1797 903 1872 in
918 1799 1064 1897 proeli0‚

403 1939 667 2015 Formidabilis
684 1941 724 2014 in
743 1965 1024 2038 quemcumque
1042 1939 1131 2014 ierit
1145 1939 1285 2013 locum.

403 2080 508 2182 Saepe
525 2082 697 2156 auditum
717 2094 775 2156 est
791 2082 841 2156 de
858 2079 977 2156 heroe
994 2081 1160 2154 maxime
1177 2080 1357 2180 praeclaro

403 2223 465 2297 De
483 2249 628 2298 summo
645 2223 744 2298 duce
761 2221 1015 2297 Phalanorum
1033 2221 1073 2296 in
1090 2221 1213 2302 Ierne.

404 2363 522 2462 Erige
540 2377 593 2456 tu,
615 2365 676 2440 vir
692 2377 857 2455 strenue,
880 2365 968 2439 vela
983 2375 1049 2438 tua
1063 2363 1149 2438 alba

405 2504 544 2580 Versus
561 2505 720 2607 insulam
738 2531 925 2581 remorum
942 2505 1176 2580 nebulosam.

386 2645 532 2721 “Eccei
564 2646 723 2746 Bragela
740 2647 919 2722 innititur
936 2647 1095 2722 adversa

404 2786 590 2862 Extremo
608 2789 985 2864 molium-sarcarum
1002 2787 1224 2877 lacrimans3

406 2928 555 3004 Ventus
572 2929 760 3006 ominatur
775 2955 845 3031 per
861 2953 1000 3030 graves
1018 2929 1175 3028 capillos
1197 2926 1277 3028 ejus

405 3069 560 3145 Tollens
580 3096 644 3145 eos
663 3072 701 3144 in
719 3085 875 3172 pectore
894 3072 981 3146 laevi
998 3070 1176 3146 candido.

408 3211 480 3284 Illa
497 3210 651 3286 interim
669 3213 860 3290 auscultat
876 3237 1046 3286 murmur
1062 3211 1189 3286 noctis
1207 3209 1229 3284 ὲ
1247 3210 1349 3286 cliuo
1367 3209 1536 3301 veniens,

408 3352 459 3426 Et
475 3353 594 3428 melos
612 3353 760 3428 nobiles
779 3353 903 3428 editos
920 3379 943 3428 a
958 3355 1121 3429 strenuis
1139 3353 1371 3453 remigibus3

410 3493 546 3568 Credit
567 3519 606 3568 se
625 3494 755 3568 audire
772 3494 905 3570 modos
923 3509 1010 3570 tuos

410 3634 682 3734 Citharamque
702 3635 886 3733 liquidam
906 3637 945 3710 in
962 3635 1064 3713 facie
1081 3636 1254 3714 oceani.''

461 3785 486 3819 “
504 3778 582 3852 Diu
600 3778 831 3853 auscultabit
848 3777 914 3852 illa
931 3779 1012 3853 sine
1030 3804 1230 3854 successu:

410 3919 523 3994 Haud
542 3887 713 3994 revertar
729 3945 803 4019 ego
820 3918 843 3996 a
860 3921 1069 3994 certamine
1086 3920 1126 3996 in
1144 3933 1338 4011 aternum.

327 4049 332 4060 ’
410 4060 489 4136 Cur
505 4072 544 4136 te
562 4061 751 4161 aspiciam,
773 4062 935 4161 Bragela
951 4061 1099 4152 blanda,

411 4203 560 4278 Graves
579 4203 756 4279 edentem
775 4204 941 4304 gemitus
958 4215 1113 4303 propter
1128 4202 1246 4279 heroa
1262 4205 1396 4280 tuum?

411 4344 553 4419 Vidisti
571 4357 614 4419 tu
631 4371 703 4436 me,
725 4371 804 4437 rex,
825 4345 959 4445 saepius
977 4345 1166 4419 victorem

411 4485 539 4561 Multa
555 4485 654 4560 inter
671 4487 892 4564 discrimina
908 4487 1121 4586 gladiorum
1138 4485 1447 4586 hastammque.’'
1548 4517 1551 4524 ·

462 4633 487 4667 “
504 4626 706 4703 Videberis
725 4629 864 4706 iterum
882 4629 1049 4718 victor,’'

410 4767 525 4842 Dixit
542 4769 677 4869 Fingal
700 4768 858 4847 conchis
877 4769 1091 4868 genialibus
1109 4769 1233 4845 clarus
1244 4797 1256 4862 ;
