4224 5996
401 819 439 872 v.
456 795 642 896 439-466.
856 789 1062 866 unsar.

401 1015 570 1092 Locutus
588 1025 647 1090 est
664 1013 729 1087 ille
746 1013 888 1088 leniter
905 1011 946 1086 in
963 1021 1106 1100 monte,

404 1163 415 1198 ‘
434 1133 625 1246 Cucullin,
646 1155 755 1228 eleva
771 1163 878 1227 tuum
896 1165 1045 1227 scutum
1064 1151 1261 1261 eximium,

399 1297 553 1374 Adhibe
570 1320 711 1386 curam,
732 1294 791 1369 vir
807 1316 957 1392 magne,
979 1289 1037 1364 tui
1056 1289 1196 1390 ipsius;

400 1439 470 1514 Est
486 1438 632 1512 animus
649 1459 755 1510 meus
773 1433 842 1508 sub
859 1453 975 1506 onere
995 1428 1035 1502 iu
1052 1429 1161 1504 luctu

400 1579 463 1654 De
481 1591 549 1652 tuo
566 1575 753 1674 sanguine
769 1569 978 1660 fundendo,
1002 1567 1061 1642 vir
1078 1573 1257 1644 strenue:
1366 1571 1513 1667 [verna

450 1717 695 1793 Commotum
719 1723 778 1790 est
799 1737 927 1788 meum
950 1709 1164 1812 suspirium,
1190 1719 1235 1784 ut
1251 1717 1392 1784 ventus
1415 1734 1515 1786 aca-

400 1857 573 1933 Surrexit
591 1857 665 1932 alte
683 1867 724 1929 et
739 1853 817 1928 fuit
834 1863 989 1934 acutum
1007 1849 1164 1926 ferrum.
1268 1829 1271 1838 ‚

402 1999 557 2075 Cecidit
574 1999 703 2072 lumen
721 1993 962 2084 certaminis3
990 1993 1060 2068 sub
1078 1993 1226 2066 tumulo
1315 2063 1318 2071 Δ

401 2137 472 2212 Est
488 2136 606 2212 Ferda
621 2137 702 2210 sine
721 2133 858 2235 spiritu
874 2133 914 2208 in
932 2128 1148 2234 sepulchro.

451 2275 595 2351 Infelix
614 2287 672 2350 est
689 2285 757 2350 tua
773 2299 916 2365 manus,
938 2271 1130 2362 Cucullin,

402 2415 463 2490 Ex
482 2427 652 2516 tempore
670 2441 747 2514 quo
765 2414 910 2491 cecidit
922 2414 1078 2516 juvenis
1098 2411 1220 2488 virilis
1237 2412 1307 2489 sub
1325 2422 1393 2489 tuo
1410 2413 1528 2490 telo.”

455 2556 565 2632 “Est
583 2557 701 2632 tristis
719 2557 890 2649 historia,
913 2555 1068 2632 domine
1083 2555 1254 2647 cunda,”

402 2698 518 2774 Dixit
535 2698 649 2774 Carul
668 2699 887 2789 neniarum3

404 2845 428 2880 “
446 2837 539 2939 Egit
555 2862 682 2913 meum
699 2837 866 2914 animum
884 2848 987 2912 retro
1005 2863 1095 2912 cum
1114 2837 1354 2914 emulatione

401 2978 462 3053 Ad
481 2991 629 3079 tempus
646 2980 750 3077 quod
768 2978 864 3054 abiit
881 2987 922 3053 et
938 2977 1024 3053 fuit.

402 3120 450 3195 In
466 3121 602 3195 diebus
621 3121 686 3218 qui
704 3120 881 3195 abierunt
898 3119 1122 3218 antiquitus,

402 3261 507 3360 Saepe
525 3259 750 3335 audiebatur
766 3285 879 3360 super
896 3260 1054 3336 Comale
1070 3260 1240 3351 historia,

403 3401 482 3488 Qui
499 3400 681 3475 laceravit
698 3401 860 3475 amicum
879 3400 942 3477 cui
961 3411 1041 3474 erat
1059 3401 1141 3501 ejus
1159 3425 1274 3492 amor,

401 3540 454 3614 At
471 3539 548 3615 fuit
566 3563 762 3614 successus
782 3540 862 3640 ejus
881 3539 1102 3616 ferro-duro
1120 3540 1161 3615 in
1178 3541 1417 3635 necessitate,

401 3681 448 3756 In
465 3681 673 3756 certamine
690 3693 930 3758 strenuorum
949 3681 987 3756 in
1006 3681 1148 3781 proelio.

451 3822 539 3900 Fuit
555 3822 689 3898 Comal
706 3847 757 3898 ex
775 3821 873 3896 Alba
891 3823 992 3922 ipsd;

401 3966 476 4040 Per
492 3980 648 4045 centum
664 3979 813 4040 montes
831 3967 1006 4066 princeps
1024 3964 1102 4040 fuit
1118 3965 1304 4059 dominus,

400 4105 434 4180 E
451 4106 556 4180 mille
572 4105 665 4180 rivis
684 4106 868 4182 bibebant
886 4106 968 4206 ejus
988 4106 1117 4197 cervi;

401 4245 666 4321 Audiebantur
682 4246 763 4346 ejus
782 4271 894 4321 canes
911 4247 952 4320 in
967 4247 1073 4322 mille
1092 4247 1222 4339 clivis3

402 4385 494 4460 Erat
511 4385 592 4485 ejus
609 4386 740 4461 vultus
758 4411 865 4484 aeque
882 4387 986 4462 mitis
1005 4413 1049 4463 ac
1068 4389 1222 4489 virgini,

401 4526 492 4602 Erat
508 4553 607 4602 mors
625 4526 706 4627 ejus
723 4552 854 4602 manus
872 4528 1009 4628 ingens
1025 4530 1220 4607 heroibus.

402 4668 490 4743 Fuit
509 4669 590 4769 ejus
608 4693 714 4744 amor
730 4671 797 4745 uni
815 4672 970 4772 virgini,
992 4683 1033 4747 et
1049 4670 1126 4746 fuit
1145 4671 1303 4770 egregia
1319 4695 1374 4762 ea,

401 4807 496 4886 Filia
513 4809 702 4886 Conlochi
720 4814 945 4914 poculorum
964 4826 1004 4890 et
1020 4812 1255 4889 exuviarum.
1313 4857 1316 4865 «
