4172 5982
346 743 384 796 v.
405 727 583 820 resur.
774 685 1005 790 'rruonu

348 937 495 1014 Caerula
512 935 651 1011 nebula
669 947 785 1010 nante
803 961 915 1035 super
926 936 1080 1035 jugum,

348 1077 397 1152 Et
415 1077 564 1152 celante
584 1077 743 1152 insulam
761 1077 1014 1152 Phalanorum
1031 1089 1071 1150 et
1088 1075 1378 1176 ejus-populum.

400 1227 424 1261 “
438 1219 589 1318 Surgite
608 1219 677 1292 sub
694 1243 779 1293 meo
797 1218 908 1316 siguo
926 1219 1143 1308 celeriter,”

347 1359 479 1456 Inquit
496 1360 671 1459 princeps
689 1357 884 1434 fuscorum
905 1360 1139 1459 clypeorum,

351 1507 377 1543 “
394 1501 559 1602 Surgite,
580 1525 708 1574 semen
729 1497 925 1573 Lochlinis
941 1497 1148 1588 undarum;

348 1640 520 1738 Reliquit
536 1640 647 1714 Ieme
666 1637 735 1712 sub
753 1635 846 1734 fuga
863 1638 1019 1714 clivum.

348 1779 554 1878 Sequimini
572 1805 641 1880 per
659 1779 798 1852 Lenam
818 1777 988 1868 vallium,

350 1920 524 2020 Capesse,
547 1921 681 2010 Morla,
704 1919 858 1992 domum
878 1916 1053 1993 Cormaci
1072 1917 1142 1993 sub
1161 1929 1268 1993 tuum
1286 1927 1438 2020 caput*

349 2060 500 2135 Cedant
518 2060 683 2134 Suarano
702 2057 958 2148 victoriarum,

349 2201 563 2298 Antequam
582 2198 722 2272 cadant
740 2197 795 2270 illi
814 2197 852 2272 in
871 2200 1114 2300 sepulchrum
1131 2203 1200 2276 sub
1219 2203 1300 2303 ejus
1320 2204 1409 2293 telo,

350 2339 400 2414 Et
417 2339 468 2412 sit
483 2338 706 2438 languidum
726 2337 910 2412 indicium
927 2340 1061 2414 mortis
1083 2339 1123 2413 in
1141 2341 1292 2414 Ierne.”

398 2477 652 2552 Surrexerunt
669 2477 725 2552 illi
743 2491 786 2556 ut
803 2453 899 2578 grex
918 2480 1044 2554 avium
1062 2506 1112 2555 ex
1131 2507 1293 2573 oceanm

350 2618 514 2705 Quando
532 2618 736 2692 verberant
754 2619 834 2718 ejus
852 2619 964 2692 undae
981 2620 1101 2694 littus.

234 2825 238 2836 .
350 2759 476 2833 Instar
491 2757 595 2832 mille
615 2757 780 2833 rivomm
799 2759 876 2835 fuit
893 2761 1037 2834 sonitus
1055 2759 1228 2858 agminis,
1359 2763 1463 2859 [tatis

349 2899 537 2999 Tempore
552 2903 760 2976 concursus
771 2925 903 2976 eorum
914 2898 1122 2998 (rivorum)
1137 2899 1174 2972 in
1189 2899 1296 2974 Cont
1306 2903 1463 2976 amoeni·

350 3039 398 3114 In
416 3065 583 3139 asperam
602 3033 821 3130 charadrium,
845 3041 936 3116 inde
955 3037 1232 3138 erumpentium
1249 3040 1270 3112 e
1288 3051 1403 3116 nocte

350 3180 426 3254 Sub
447 3178 731 3254 coruscationes
746 3179 907 3278 fulgoris
923 3178 1023 3252 solis.
1314 3147 1320 3158 .

349 3319 455 3394 Sicut
474 3317 639 3392 effundit
656 3317 825 3392 umbram
843 3316 1052 3392 obscuritas
1069 3317 1318 3392 circumclusa

350 3460 467 3558 Super
484 3455 747 3531 declivitatem
765 3455 983 3530 nebulosam
998 3457 1169 3532 autumni
1188 3483 1238 3532 ex
1256 3459 1425 3550 adverso,

350 3601 473 3697 AEque
491 3611 610 3689 torva,
631 3607 721 3686 atra,
743 3595 870 3686 densa,
891 3595 972 3670 sine
990 3597 1149 3686 calculo,

350 3740 554 3838 Progressa
572 3747 630 3812 est
648 3733 809 3810 Lochlin
827 3735 1046 3836 composita,
1066 3737 1192 3813 tarda..

351 3881 471 3955 Velut
489 3903 577 3980 aper
593 3879 725 3953 fuscus
742 3877 782 3951 in
798 3875 1061 3977 prominentiis
1077 3878 1280 3970 montium,

350 4021 542 4096 Movit-se
560 4019 600 4094 in
617 4018 727 4094 armis
745 4041 911 4093 summus
928 4041 998 4090 rex
1019 4017 1203 4108 telorum;

349 4161 396 4234 In
412 4160 530 4234 latere
546 4158 672 4235 herois
691 4160 918 4234 cernebatur
934 4169 1084 4232 scutum

349 4301 474 4375 Instar
491 4301 591 4400 ignis
611 4301 650 4374 in
667 4311 784 4374 nocte
801 4323 912 4400 super
929 4298 1148 4374 acclivitate
1166 4301 1363 4394 montium,

350 4441 455 4515 Orbe
473 4441 645 4532 obscuro,
667 4441 796 4532 tacito,
819 4439 933 4530 inani,

350 4583 509 4656 Viatore
528 4583 679 4682 trepido
696 4593 894 4682 spectante
911 4581 1065 4679 oblique

350 4724 410 4798 Ad
428 4735 617 4824 spectrum
638 4726 810 4798 insanum
828 4724 868 4798 in
886 4723 1223 4800 comscationibus.

634 4895 651 4927 ⁵
663 4894 684 4952 i.
699 4913 723 4954 e.
738 4911 787 4971 per
799 4893 1005 4970 synecdochen,
1020 4897 1072 4954 sub
1084 4894 1191 4952 oculos.
