4184 5998
332 806 522 889 mers.
788 803 1019 882 remoue
1395 811 1461 882 aar

335 1029 381 1105 Se
399 1029 647 1105 inclinantem
668 1026 900 1104 err-adverso
917 1029 965 1106 ab
983 1051 1076 1130 rupe
1094 1027 1229 1106 Morae.

334 1171 497 1246 Audivit
514 1171 579 1245 ille
597 1171 802 1245 clamorem
818 1166 985 1244 hostium
1002 1169 1162 1260 lentum,

336 1311 539 1387 Commota
555 1322 614 1387 est
630 1309 837 1412 trepidatio
854 1310 894 1384 in
913 1310 996 1412 ejus
1013 1313 1138 1386 animo
1156 1335 1243 1388 cum
1261 1310 1414 1410 gaudio.

335 1453 527 1528 Percussit
544 1453 689 1527 sonitus
707 1477 878 1528 meorum
896 1477 1072 1554 passuum
1091 1451 1172 1552 ejus
1189 1477 1343 1544 aurem;

335 1597 445 1672 Illicd
464 1594 629 1670 obtorsit
645 1595 710 1669 ille
728 1621 815 1670 cum
835 1593 993 1668 fremitu
1010 1619 1116 1670 suam
1133 1592 1293 1673 hastam.

389 1737 600 1812 “Venitne
618 1737 716 1812 filius
734 1735 860 1812 noctis
878 1735 916 1810 in
936 1735 1057 1834 pace?

336 1879 395 1953 An
414 1903 589 1954 occurres
609 1890 652 1952 tu
669 1901 756 1952 cum
774 1875 981 1950 luctamine
1000 1899 1093 1950 meae
1111 1875 1313 1952 torvitati?

337 2017 433 2092 Sunt
449 2016 578 2094 hostes
599 1999 730 2093 in'hoc
752 2017 893 2117 (loco),
913 2017 1044 2094 hostes
1062 2017 1187 2118 regis3

336 2159 511 2257 Loquere
527 2159 735 2248 humiliter,
756 2171 823 2233 aut
840 2155 939 2232 senti
957 2157 1369 2260 duram-(cuspidem).

336 2300 427 2375 Non
445 2312 565 2376 statur
582 2301 623 2375 in
639 2298 713 2374 hoc
737 2298 863 2398 (loco)
884 2295 907 2373 d
924 2298 1008 2372 viro
1026 2297 1156 2389 debili,

338 2442 417 2527 Qui
437 2455 495 2516 est
513 2443 632 2516 instar
651 2439 778 2541 clypei
796 2439 961 2542 principi
979 2440 1219 2516 Morvenis.’'

392 2590 416 2622 “
433 2582 495 2656 Ne
513 2593 590 2656 stet
607 2581 687 2657 sine
705 2607 776 2656 usu
792 2581 970 2680 [inutilis]
986 2605 1059 2656 nec
1082 2581 1249 2656 inaniter

339 2722 473 2796 Samen
493 2720 652 2796 Clathus
670 2721 896 2796 blandorum
914 2721 1086 2798 ciliorum
1105 2719 1309 2797 lentorum.

340 2861 408 2937 Est
427 2863 560 2962 Fingal
578 2865 619 2936 in
636 2863 843 2937 solitudine
862 2862 902 2936 in
921 2871 1132 2952 senectute,

341 3003 587 3078 Obscuritate
605 3004 872 3079 se-claudente
890 3001 993 3078 circa
1010 3000 1091 3101 ejus
1109 3000 1191 3078 dies
1210 3004 1278 3104 qni
1295 3005 1448 3083 abeunt

341 3148 436 3220 Sunt
453 3146 528 3220 duo
546 3145 615 3221 filii
634 3145 718 3245 regi
734 3143 959 3245 principum,
1221 3146 1445 3240 [certamina
1455 3175 1469 3240 ς

342 3287 490 3374 Quibus
520 3299 621 3362 essct
642 3287 792 3388 justum
822 3284 906 3382 [qui
933 3283 1096 3381 debent]
1127 3284 1337 3362 clarescere
1365 3287 1466 3363 inter

342 3429 493 3515 Quibus
508 3441 609 3504 esset
620 3429 769 3530 justum
784 3451 865 3502 esse
879 3425 998 3500 instar
1012 3424 1113 3524 ignis
1132 3405 1319 3502 clivorum
1337 3430 1462 3526 [teli.”

342 3569 434 3672 Ejus
461 3569 631 3671 passibus
663 3567 787 3642 euntis
814 3566 990 3642 deorsum
1013 3566 1322 3666 [descendentis]
1345 3569 1464 3646 instar

396 3717 421 3752 “
438 3712 540 3786 Nate
557 3710 587 3785 F
590 3710 757 3809 ingale‚”
774 3706 880 3782 illicd
897 3707 1097 3808 respondit
1107 3709 1274 3809 juvenis,

250 3828 254 3844 ’
348 3852 500 3927 “Haud
519 3851 585 3926 diu
604 3850 788 3926 cathasta
803 3875 943 3949 magna
960 3849 1000 3924 in
1018 3875 1104 3926 mea
1120 3876 1256 3943 manu3

346 3995 458 4068 Haud
478 4007 568 4068 sunt
584 3993 746 4093 plurima
763 3993 872 4091 signa
890 3990 966 4066 mei
984 3991 1116 4090 gladii.
1324 3993 1465 4095 [ipsius,

348 4134 439 4232 (At)
461 4133 561 4233 ignis
579 4134 681 4209 haud
700 4135 865 4234 exiguus
883 4133 1098 4232 [augustus]
1115 4145 1174 4208 est
1191 4159 1301 4211 meus
1320 4136 1466 4213 animus

346 4273 588 4374 Principibus
607 4274 809 4375 Belgarum
828 4275 1104 4350 accedentibus
1121 4274 1159 4350 in
1179 4276 1394 4371 circuitum,

350 4415 441 4515 (Et)
463 4417 601 4517 clypeo
616 4414 833 4491 Cathmoris
852 4415 1083 4493 concharum
1102 4417 1347 4516 hospitalium

350 4557 439 4654 (Et)
463 4583 593 4632 eorum
611 4583 742 4660 aspero
759 4571 864 4634 coetu
882 4583 932 4634 ex
951 4559 1112 4635 adverso
1132 4585 1243 4660 super
1261 4560 1375 4636 clivo.

346 4698 407 4773 An
420 4699 576 4774 tendam
591 4724 666 4798 ego
677 4700 853 4776 deorsum
869 4726 973 4776 meos
988 4727 1119 4801 passus
1132 4701 1178 4776 iis
1192 4725 1320 4777 coram
1332 4702 1389 4804 (in
1403 4727 1468 4780 eo·

348 4839 482 4916 Oscari
497 4839 662 4915 cedebat
675 4839 795 4917 soldm
810 4865 895 4916 mea
905 4843 1091 4920 velocitas
1116 4843 1216 4940 [rum
1229 4843 1470 4944 occursum)?
