4194 6006
395 753 628 834 v.440-467.
844 752 1050 830 FINGAL
1441 764 1513 840 219

337 999 340 1006 ⁴
389 975 477 1051 Fuit
492 975 573 1076 ejus
591 975 717 1050 luctus
735 974 775 1048 in
788 975 916 1050 medio
933 974 1162 1072 [immixtus]
1180 974 1322 1051 laetitiae
1341 976 1381 1050 in
1394 976 1503 1076 jugo.

389 1116 478 1191 Fuit
495 1114 655 1189 radiatio
674 1113 761 1190 solis
779 1140 892 1216 super
910 1117 991 1217 ejus
1009 1115 1144 1206 armis3

355 1263 360 1270 '
389 1256 639 1332 Movebat-se
659 1255 780 1330 Conal
798 1256 879 1332 sinc
897 1258 1061 1357 strepitu
1078 1271 1165 1358 post
1183 1283 1280 1333 eum.

389 1398 685 1474 Descenderunt
702 1422 770 1498 per
786 1407 939 1495 tergum
951 1398 1040 1498 jugi
1056 1423 1305 1490 murmurum,

389 1539 447 1614 Ut
464 1540 614 1612 flamma
631 1537 742 1614 erice
760 1539 800 1611 in
818 1537 1190 1632 montis-cacumine,

389 1680 554 1766 Quando
571 1679 746 1780 procedit
764 1677 986 1760 incendium
1005 1703 1074 1777 per
1090 1693 1245 1757 noctem

270 1897 273 1906 ,
389 1819 477 1895 Sine
495 1821 582 1896 luce
599 1821 673 1896 nisi
694 1845 807 1919 quam
826 1821 893 1894 dat
911 1821 1046 1920 ipsum,

390 1961 518 2036 Vento
540 1962 620 2060 (id)
642 1986 741 2062 ponc
760 1971 875 2057 atquc
896 1959 984 2059 (eo)
1005 1971 1176 2036 sonante.

438 2103 485 2177 In
503 2105 621 2178 latere
639 2102 773 2178 fluenti
792 2101 862 2176 sub
879 2125 1010 2201 spuma
1026 2101 1320 2180 se·effundentis

389 2241 458 2316 Est
476 2243 556 2343 ejus
574 2244 683 2319 sedes
702 2243 742 2317 in
760 2265 852 2342 rupe
871 2265 1127 2330 cavemarum,

388 2383 545 2482 Singula
559 2384 696 2459 arbore
715 2411 836 2462 curva
853 2387 1137 2475 sc-inclinante,

387 2523 439 2599 Et
457 2525 635 2600 turbineo
654 2539 772 2602 vento
791 2527 980 2602 fremente
998 2525 1247 2600 vehementer

388 2665 580 2740 Adversus
599 2664 738 2741 faciem
757 2669 998 2768 scopulorum
1021 2678 1062 2742 et
1079 2665 1484 2742 molium-saxosarum.

389 2805 465 2881 Hic
483 2807 585 2880 sedit
603 2832 770 2882 summus
787 2809 965 2909 princeps
984 2807 1127 2898 Icrncs,

386 2946 511 3022 Natus
529 2948 640 3023 Semo
659 2949 890 3026 concharum
907 2947 1164 3048 hospitalium.
1383 2947 1504 3044 [tium,

387 3087 507 3162 Fuere
526 3089 608 3189 ejus
634 3090 888 3190 cogitationes
906 3088 956 3162 de
981 3088 1167 3164 conflictu
1190 3087 1405 3164 facinorum
1428 3087 1506 3164 for·

388 3226 612 3329 Lachrymis
630 3229 944 3305 se-fundeutibus
962 3228 985 3304 d
1003 3228 1114 3328 gend.

388 3367 476 3443 Fuit
491 3369 672 3450 moestitia
689 3371 724 3444 ei
744 3370 845 3468 quod
865 3369 1098 3470 perdidisset
1115 3397 1219 3448 suam
1237 3371 1385 3462 famam,

388 3509 511 3585 Heros
528 3509 884 3586 summe-animosus
903 3510 1163 3587 victoriarum.

386 3651 556 3750 Bragela
579 3677 619 3726 cs
638 3663 681 3726 tu
700 3653 832 3752 procul
850 3652 891 3727 iu
908 3653 1067 3752 regione
1085 3652 1267 3745 adversd3

386 3791 478 3868 Nou
495 3792 599 3867 tollis
616 3791 793 3867 laudibus
810 3804 853 3866 tu
871 3792 911 3866 in
928 3805 1100 3894 tempore
1116 3793 1191 3869 hoc
1208 3793 1441 3870 bellatorem.

388 3933 532 4009 Cernat
549 3935 614 4011 ille
632 3947 739 4008 tuum
758 3933 939 4010 blandum
958 3934 1227 4010 simulachrum
1245 3935 1407 4030 tardum,

384 4071 436 4148 Et
452 4074 585 4150 veniet
603 4075 684 4176 ejus
701 4075 847 4151 animus
869 4089 972 4152 retro
991 4101 1078 4152 cum
1097 4077 1160 4168 vi;

387 4212 511 4290 Erunt
529 4215 610 4315 ejus
629 4217 884 4315 cogitationes
903 4219 952 4293 de
970 4215 1071 4292 fama
1087 4215 1204 4318 ipsius

388 4353 438 4430 Et
456 4357 505 4430 de
522 4355 736 4432 radio-solis
755 4358 820 4456 qui
840 4358 1050 4433 commovit
1068 4358 1150 4460 ejus
1169 4381 1347 4434 amorem.

437 4494 534 4582 Quis
552 4497 663 4571 venit
680 4521 767 4571 cum
786 4495 931 4597 capillis
949 4498 1186 4576 senectutis?

387 4634 484 4720 Quis
501 4635 575 4730 nisi
592 4635 704 4712 heros
723 4637 830 4736 cujus
848 4663 925 4714 non
944 4651 1003 4713 cst
1022 4637 1133 4714 inane
1152 4641 1331 4716 carmen?

384 4775 455 4868 Tu,
479 4776 593 4853 Carul
613 4777 791 4879 temporis
812 4779 936 4878 prisci,
