4194 6006
389 800 427 851 v.
448 780 628 861 187-214.
843 773 1050 849 FINGAL.
1438 780 1511 850 243

389 994 426 1072 Si
445 1008 510 1070 tua
526 1007 586 1072 est
602 996 708 1098 optio
726 1007 933 1089 certamen,

390 1138 597 1214 Certamen
613 1137 722 1231 habe,
744 1137 845 1237 quod
860 1137 971 1214 dedit
987 1136 1150 1212 Lochlin
1167 1134 1376 1228 Trenmori,

389 1279 446 1356 Ut
463 1281 596 1355 redeas
613 1281 661 1355 ad
679 1281 839 1381 patriam
858 1279 1002 1355 summa
1021 1305 1108 1354 cum
1125 1277 1258 1378 gloria

388 1421 496 1497 Sicut
514 1419 694 1496 conditur
712 1421 767 1497 sol
788 1422 859 1497 sub
878 1423 1089 1496 montem.”

441 1561 569 1637 “Rex
588 1562 728 1638 sobolis
749 1585 981 1639 summorum
998 1561 1228 1650 montium‚”

389 1704 505 1778 Dixit
521 1703 697 1778 dominus
716 1703 911 1778 Lochlinis
929 1704 1004 1778 alte
1023 1702 1245 1794 resonantis,

391 1851 415 1886 ‘⁶
433 1845 545 1918 Haud
564 1844 679 1920 inibit
695 1845 879 1920 Suaranus
897 1855 1092 1920 certamen
1110 1862 1197 1919 cum
1218 1843 1348 1942 gladio
1367 1853 1446 1934 tuo,

388 1983 442 2058 Tu
460 1995 574 2085 caput
591 1985 753 2060 millium
771 1985 945 2060 victoriis
963 1985 1197 2084 insignium3

387 2125 502 2201 Visus
520 2151 559 2201 es
577 2139 621 2201 tu
638 2127 679 2202 in
696 2128 797 2203 terra
817 2127 988 2226 (nostra)
1009 2124 1280 2217 transmarina3

389 2265 502 2341 Haud
520 2267 698 2368 permulti
715 2267 798 2341 dies
816 2277 926 2341 erant
942 2267 1040 2341 mei:

388 2408 475 2482 Hoc
492 2397 621 2483 tamen
638 2406 764 2483 animo
781 2433 867 2483 meo
885 2421 978 2482 tunc
997 2405 1175 2498 occurrit,

388 2548 553 2636 Quando
569 2551 740 2625 attollam
758 2550 930 2650 gladium
949 2573 1055 2648 aeque
1074 2549 1228 2624 strenue

389 2691 446 2767 Ac
465 2691 599 2791 Fingal
617 2692 740 2791 plagis
756 2691 950 2766 nobilibus
972 2689 1205 2790 (insignis)?

387 2829 574 2904 Inivimus
591 2855 660 2904 nos
679 2844 884 2921 certamen,
906 2831 967 2904 vir
984 2829 1138 2921 eximie,

385 2969 433 3044 In
451 2970 569 3045 latere
588 2969 783 3046 Malmorae
801 2970 944 3046 saxetis
962 2971 1081 3046 fuscis
1107 2969 1283 3070 (plenae),

388 3110 486 3186 Cum
504 3113 716 3186 attulerunt
734 3112 872 3186 fluctus
889 3111 1035 3186 hastam
1055 3135 1177 3187 meam
1198 3109 1276 3186 huc

385 3252 445 3328 Ad
463 3253 586 3327 aulam
605 3252 835 3328 concharum
853 3253 1072 3352 genialium,

384 3392 431 3467 In
450 3394 524 3492 qud
541 3391 750 3468 sortiuntur
766 3393 959 3494 principes
977 3395 1211 3469 convivium.

383 3533 552 3608 Tradant
570 3533 677 3608 hardi
695 3559 760 3609 eos
780 3535 845 3632 qui
864 3535 1041 3610 vicerunt
1057 3535 1136 3610 illic
1178 3515 1182 3522 ¹

284 3707 289 3718 ·
360 3687 364 3696 '
384 3675 576 3774 Tempori,
598 3675 700 3774 qnod
719 3675 828 3752 tarde
844 3687 1033 3751 movetur.

386 3813 715 3891 Contendentium
733 3818 774 3892 in
792 3807 982 3892 Malmord
998 3817 1177 3892 heroibus
1194 3815 1438 3917 frequentata

382 3955 536 4031 Eximia
553 3959 633 4032 laus
651 3957 751 4032 haud
767 3958 879 4058 parce
902 3959 1095 4034 celebrata
1112 3971 1182 4034 est.

384 4096 559 4176 Plurimae
577 4125 693 4176 naves
712 4100 733 4174 ὲ
752 4101 851 4174 terra
868 4123 1092 4198 magnarum
1114 4101 1308 4200 sylvarum
1324 4135 1327 4144 ’

383 4241 603 4352 Amisemnt
621 4241 784 4317 eximios
796 4242 962 4342 juvenes
981 4241 1021 4316 in
1041 4240 1155 4317 Lena.

383 4383 528 4488 Accipe
548 4408 621 4475 eas,
642 4407 713 4456 rex
731 4407 961 4457 summorum
982 4383 1180 4475 montium,

382 4524 440 4599 Ac
460 4539 543 4599 esto
560 4525 704 4598 amicus
720 4523 822 4598 hosti
841 4523 982 4599 Iernes.

385 4664 484 4740 Cum
502 4665 661 4741 venient
679 4665 897 4740 Gormalam
916 4665 983 4738 filii
1000 4666 1069 4756 tui,

384 4805 608 4907 Apponetur
624 4806 669 4880 iis
688 4805 911 4882 convivium
927 4807 1029 4882 haud
1048 4833 1204 4909 parcum
1223 4813 1463 4912 epulumque,
