4224 5996
407 807 446 860 v.
463 785 598 867 46-73.
852 783 1060 858 FINGAL.
1462 793 1531 866 107

405 1007 452 1082 Ei
469 1006 570 1082 dabo
589 1007 704 1082 filiam
722 1007 830 1082 vocis
849 1030 1019 1096 canorae;
1192 1004 1332 1102 [sinum
1349 1029 1527 1106 unquam,

404 1148 607 1249 Virginem
626 1175 709 1248 quae
733 1161 792 1224 est
816 1147 1098 1238 formosissima,
1123 1171 1206 1245 quae
1230 1145 1376 1222 levavit
1394 1145 1529 1224 laevem

403 1290 526 1390 AEque
544 1290 729 1366 candidus
748 1290 828 1391 ejus
847 1291 1012 1366 lacertus
1029 1289 1094 1387 qui
1113 1299 1172 1362 est
1189 1299 1301 1376 teres,

403 1433 461 1506 Ac
480 1457 611 1532 spuma
629 1458 741 1533 super
759 1431 871 1507 dorso
890 1431 1000 1506 maris
1019 1430 1058 1504 iu
1078 1433 1241 1526 [summo
1258 1429 1378 1526 mari}

404 1573 514 1646 Mitis
534 1587 592 1648 est
608 1573 755 1648 animus
774 1575 868 1648 remi
889 1597 1008 1648 comae
1027 1570 1229 1671 subnigrae.
1297 1563 1301 1572 ’

405 1711 622 1788 Confestim
642 1713 773 1789 veniat
791 1738 861 1787 rex
879 1737 992 1813 super
1010 1712 1213 1805 fluctibus;

403 1855 547 1930 Veniat
563 1853 676 1930 heros
696 1853 857 1953 quinon
876 1853 1094 1930 succumbit
1115 1854 1336 1953 (cuiquam)

403 1997 463 2071 Ad
483 2021 604 2072 meam
624 1997 749 2086 filiam,
768 1995 876 2096 cujus
893 2005 952 2071 est
969 1994 1137 2070 maxime
1155 2005 1325 2071 secretus
1338 1995 1529 2096 gressus.”

454 2139 575 2212 Venit
592 2138 788 2228 Snivanus‚
811 2139 919 2237 cujus
938 2147 1019 2212 erat
1037 2161 1152 2212 canus
1170 2137 1342 2238 capillus.

406 2279 611 2356 Profectus
630 2293 689 2354 est
706 2279 839 2378 Fingal
858 2279 898 2354 in
916 2279 991 2354 iter
1008 2305 1096 2354 cum
1116 2305 1185 2355 suo
1202 2280 1353 2381 populo,

405 2421 634 2496 Prosiliebat
651 2421 808 2510 enimus,
830 2422 895 2519 qui
913 2421 1141 2512 flammabat,
1162 2436 1252 2496 ante
1270 2421 1492 2523 principem,

403 2563 465 2637 Ad
482 2563 673 2662 virginem
692 2563 916 2663 capillorum
933 2563 981 2638 ab
999 2562 1274 2662 septentrione.
1369 2563 1526 2661 [fuscus

458 2710 483 2745 “
496 2702 655 2779 Centies
669 2703 760 2780 dico
774 2704 846 2781 tibi
860 2706 1061 2794 salutem,’'
1075 2704 1203 2803 inquit
1215 2705 1351 2780 Starno
1367 2707 1433 2806 qui
1449 2717 1529 2782 erat

408 2851 433 2888 ‘⁴
452 2846 538 2920 Rex
556 2871 695 2946 magne
714 2847 912 2936 clivorum,
934 2845 1081 2921 centies
1099 2847 1270 2936 salutem.

403 2989 582 3064 Vestram
600 2989 771 3081 salutem,
792 2985 927 3063 heroes
945 2989 1049 3064 circa
1065 2989 1290 3090 principem,

403 3131 540 3206 Semen
557 3131 688 3205 insulae
707 3129 1007 3230 praecipitiorum
1025 3130 1200 3206 altorum.

396 3271 497 3346 Tres
513 3271 595 3345 dies
615 3271 655 3344 in
670 3271 755 3344 auld
772 3269 844 3344 hac
863 3270 944 3370 ipsd

405 3411 542 3512 Capite
560 3411 713 3511 epulum
731 3423 771 3486 et
789 3409 1016 3484 convivium
1034 3410 1105 3485 sub
1124 3422 1294 3485 vestrum
1316 3421 1452 3510 caput;

402 3553 496 3628 Tres
513 3553 595 3628 dies
614 3553 715 3626 inter
733 3551 862 3626 fuscos
880 3575 988 3651 apros
1007 3563 1048 3624 et
1065 3575 1212 3643 cervos,

404 3693 451 3768 In
470 3693 864 3794 excitando-praedam
883 3693 924 3768 in
942 3691 1101 3794 planitie
1121 3693 1220 3768 etin
1234 3693 1346 3769 valle.

403 3833 547 3909 Audiet
564 3834 677 3934 virgo
695 3859 778 3933 quae
798 3845 856 3908 est
875 3845 1037 3908 venusta
1054 3845 1221 3910 vestram
1240 3835 1402 3926 laudem,

405 3977 461 4052 Ut
478 3977 543 4051 illa
560 3977 704 4052 residet
720 3975 743 4052 d
760 3987 871 4075 tergo
889 3975 1061 4076 populi.’'

454 4120 542 4194 Fuit
558 4144 661 4194 mors
680 4119 848 4194 virorum
867 4118 909 4192 in
926 4117 1009 4216 ejus
1027 4117 1154 4193 animo
1173 4117 1354 4209 barbaro;

406 4261 528 4335 Dedit
545 4261 610 4334 ille
630 4259 817 4336 concham
837 4271 877 4334 et
894 4260 1111 4360 portionem
1128 4260 1407 4338 conviviorum.

405 4402 494 4476 Fuit
512 4399 678 4503 suspicio
696 4399 779 4502 regi
797 4401 847 4476 de
864 4401 947 4502 ejus
964 4399 1117 4493 furore;
1353 4401 1525 4499 [hastam

405 4541 582 4617 Retinuit
604 4542 800 4633 vestitum,
835 4543 1096 4640 [armaturam]
1121 4553 1167 4618 et
1192 4542 1399 4646 prehendit
1424 4569 1529 4620 suam

405 4683 553 4758 Incidit
569 4701 693 4759 metus
711 4683 751 4758 in
768 4684 992 4785 progeniem
1009 4685 1166 4778 mortis;

405 4824 604 4926 Fugerunt
622 4825 678 4900 illi
696 4825 797 4900 ultrd
813 4824 836 4900 d
854 4825 952 4902 ciliis
971 4825 1082 4927 regia.
