4194 6006
384 763 576 845 vus-7³.
816 759 1044 838 TEMORA.
1411 755 1499 843 'ars

382 981 668 1059 Accedentibus
686 983 871 1059 confertis
889 985 994 1061 cirea
1010 1009 1140 1085 regem
1157 984 1298 1077 Iernes,

384 1121 548 1207 Quando
566 1123 675 1198 venit
691 1125 906 1225 speculator
923 1127 1058 1200 oceani

384 1261 584 1338 Morannal
602 1265 647 1338 ad
667 1264 918 1365 precipitium
935 1267 1112 1358 Molenae,

381 1401 500 1478 Erant
517 1405 597 1505 ejus
615 1407 717 1480 oculi
736 1419 975 1505 erumpentes
992 1408 1146 1507 oblique
1165 1433 1185 1482 e
1204 1407 1340 1511 capite,

381 1543 433 1618 Et
450 1545 550 1621 labia
566 1547 719 1620 obtorta
736 1548 948 1638 trementia,
970 1573 1076 1645 aeque
1095 1574 1139 1624 ac
1157 1551 1306 1650 pallida.

435 1691 459 1724 “
472 1685 530 1758 An
549 1698 651 1759 stant
668 1711 844 1785 proceres
862 1687 990 1762 Iernes
1009 1686 1031 1762 d
1049 1702 1161 1789 tergo

381 1823 484 1898 Muti
502 1825 602 1899 sicut
620 1827 775 1900 arbusta
791 1829 1005 1925 tranquillae
1023 1831 1160 1923 noctis,

380 1963 488 2039 Sicut
504 1965 639 2064 ingens
657 1968 766 2066 sylva
780 1981 885 2042 muta
901 1970 970 2044 sub
988 1995 1140 2082 vapore,

380 2103 432 2179 Et
449 2106 477 2180 F
478 2105 604 2206 ingele
622 2107 723 2182 circa
739 2107 846 2182 littus
862 2111 1084 2211 effulgente,

380 2244 536 2344 Fingale
553 2247 660 2347 cujus
679 2259 736 2322 est
753 2247 1106 2328 formidolosissima
1121 2257 1244 2357 plaga,

379 2385 509 2460 Arduo
528 2412 618 2486 rege
636 2399 873 2465 strenuorum
891 2417 913 2468 a
929 2393 1081 2470 fluentis
1100 2397 1297 2475 Morvenis
1311 2403 1353 2477 ?'’

434 2535 458 2568 ‘⁶
471 2527 531 2601 An
550 2529 680 2604 vidisti
699 2543 742 2604 tu
759 2529 877 2606 heroa
891 2533 989 2608 haud
1010 2537 1260 2632 invalidum,”

380 2666 496 2742 Dixit
514 2668 657 2743 Carbar
673 2671 695 2744 ὲ
711 2671 918 2746 luctamine
936 2675 993 2748 sui
1011 2680 1189 2776 pectoris,

384 2807 570 2882 “Suntne
589 2811 671 2911 ejus
688 2810 823 2886 heroes
842 2817 1029 2890 numerosi
1048 2817 1086 2892 in
1103 2820 1262 2898 littore?

378 2947 440 3021 An
457 2950 560 3024 tollit
578 2950 641 3025 ille
658 2951 805 3027 hastam
822 2957 1040 3032 certaminis
1058 2957 1080 3033 ὲ
1097 2973 1218 3059 terg0‚

378 3087 488 3162 Anne
508 3091 616 3164 venit
634 3107 810 3168 strenuus
829 3096 867 3169 in
886 3099 1030 3198 pace?”

433 3235 457 3270 “
475 3230 520 3303 In
538 3256 632 3329 pace
649 3231 749 3308 haud
769 3237 876 3310 venit
894 3238 969 3330 ille,
996 3265 1064 3316 rex
1082 3244 1224 3324 Iernes.

379 3369 471 3443 Vidi
490 3395 563 3470 ego
581 3396 657 3471 prae
676 3387 830 3451 strenuo
849 3379 1092 3478 ejushastam
1114 3387 1226 3488 suprd

377 3511 483 3585 Sicut
502 3511 647 3586 lentum
666 3515 796 3613 ignem
815 3521 946 3595 mortis
964 3536 1195 3622 surgentem,

327 3655 331 3663 '
378 3651 570 3750 Sanguine
589 3654 747 3730 millium
767 3661 926 3736 saliente
945 3664 1047 3740 circa
1063 3665 1196 3742 duram
1214 3672 1466 3782 (cuspidem).

377 3792 463 3868 Fuit
481 3793 545 3868 ille
563 3797 704 3895 primus
723 3799 787 3896 qui
811 3801 978 3900 [attigit]
1001 3809 1186 3904 percussit
1207 3823 1344 3888 terram

376 3933 535 4008 Validus
553 3937 621 4010 sub
641 3938 721 4038 ejus
740 3941 884 4040 capillis
902 3943 1016 4020 canis.

377 4071 472 4149 Sunt
488 4077 619 4176 plenae,
639 4103 822 4172 nervosas,
843 4081 1020 4183 ingentes
1039 4115 1132 4166 surae
1150 4095 1261 4194 regis,

376 4213 550 4292 Passibus
565 4217 645 4317 ejus
659 4218 739 4294 sine
753 4223 837 4298 nisu
855 4229 1189 4326 progredientibus
1208 4263 1320 4339 super
1332 4241 1487 4320 clivum.

376 4355 422 4428 In
440 4357 557 4432 latere
579 4360 722 4434 strenui
740 4373 799 4436 est
815 4365 964 4462 gladius
981 4370 1168 4470 obliquus,

375 4495 589 4572 Secundum
608 4499 728 4574 ictum
748 4504 813 4601 qui
832 4531 909 4580 non
926 4534 1091 4608 unquam
1110 4518 1244 4613 quaerit
1255 4548 1266 4612 3

374 4634 444 4708 Est
461 4637 617 4739 clypeus
635 4641 731 4716 latus
748 4645 928 4722 terribilis
947 4651 986 4722 in
1005 4653 1085 4752 ejus
1101 4681 1225 4750 manu,

373 4775 482 4850 Sicut
500 4779 663 4856 circulus
682 4787 910 4884 sanguineus
927 4791 1036 4885 lunae,
1058 4799 1209 4894 quando
1230 4815 1288 4880 est
1305 4809 1425 4908 plena,

423 4941 519 4994 rou.
543 4947 592 4998 11.
648 5009 650 5014 ,
932 4956 955 5005 τ
