4194 6006
362 808 400 862 v.
423 795 607 872 271-298.
804 830 805 834 =
835 785 1042 863 FINGAL

359 1006 411 1082 Et
427 1008 578 1083 locutus
598 1017 656 1084 est
674 1007 838 1082 bellator
855 1031 985 1084 secum
1004 1007 1096 1106 ipso.

365 1151 375 1186 ⁴
391 1145 471 1242 Ubi
490 1157 548 1222 est
566 1146 786 1238 Galchossa‚
807 1173 935 1223 meum
955 1147 1196 1240 desiderium,

361 1286 544 1388 Nympha
560 1289 700 1363 blanda
715 1299 805 1363 nata
819 1287 1006 1363 Tusthale
1025 1300 1191 1380 strenuo,

363 1429 489 1514 Quam
506 1427 644 1527 reliqui
663 1453 737 1527 ego
756 1429 795 1504 in
814 1430 897 1504 auld
915 1429 1085 1520 turrium,

362 1569 528 1656 Quando
546 1569 729 1644 feriebam
747 1569 955 1646 Ulfaddam
975 1569 1199 1669 plagatum?

366 1715 377 1753 ‘
395 1709 495 1784 Redi
512 1721 556 1785 tu
573 1715 703 1801 retro‚'
723 1712 900 1809 estquod
920 1709 1024 1786 dixit
1042 1711 1107 1785 illa
1123 1709 1227 1801 mihi,
1246 1723 1249 1732 “
1279 1745 1283 1756 ·

365 1858 376 1892 ‘
395 1851 616 1952 andarge,
639 1877 727 1928 cum
745 1851 909 1951 simkego
927 1849 967 1925 in
985 1850 1121 1926 umbra
1138 1851 1291 1943 luctus,’

362 1991 525 2068 Pectore
544 1993 709 2068 candido
729 1995 940 2093 suspirante
958 1991 1136 2081 molliter,

361 2133 412 2208 Et
429 2136 529 2232 gend
546 2135 679 2210 florido
696 2137 766 2210 sub
786 2158 872 2209 rore
893 2133 1182 2232 lachrymarum.

361 2275 453 2350 Non
472 2275 538 2351 illa
554 2275 704 2352 occurit
720 2301 789 2350 suo
807 2288 962 2350 strenuo
981 2273 1064 2348 viro

360 2417 420 2490 Ad
439 2415 655 2490 tollendum
673 2415 943 2513 [liberandum]
960 2411 1127 2487 animum
1144 2411 1166 2488 d
1185 2414 1417 2507 certamine3

303 2585 306 2594 ⁷
362 2557 412 2632 Et
429 2559 541 2633 valde
559 2558 678 2633 tacita
696 2569 754 2632 est
769 2557 853 2630 aula
869 2579 1072 2630 nervorum

361 2699 448 2774 Sine
466 2723 565 2773 voce
583 2697 786 2774 bardorum
810 2698 850 2771 in
868 2707 1000 2770 monte
1019 2705 1086 2769 aut
1103 2719 1258 2795 camp03

362 2839 413 2915 Et
429 2866 506 2914 non
526 2853 585 2914 est
603 2839 771 2914 Brannus
790 2840 881 2939 ipse,
902 2851 947 2912 ut
965 2849 1046 2912 erat
1064 2835 1312 2928 consuetudo,

363 2979 601 3056 Concutiens
620 2991 793 3055 catenam
812 2978 913 3079 apud
931 2977 1072 3052 valvas.

318 3181 322 3192 .
360 3121 441 3200 Ubi
460 3135 519 3198 est
536 3120 757 3210 Galchossa,
774 3145 904 3194 meum
922 3119 1165 3208 desiderium,

361 3262 544 3366 Nympho
561 3263 656 3337 lenis
673 3272 763 3336 nata
778 3259 965 3336 Tuathale
984 3273 1139 3336 strenuo
1153 3263 1182 3336 θ’

415 3413 424 3447 ‘
444 3406 683 3504 Lamdarge‚’
701 3403 806 3478 dixit
822 3403 932 3477 Ferus
949 3414 1059 3476 natus
1078 3403 1223 3494 Odune,

365 3545 462 3620 ‘Est
479 3545 692 3621 Galchosso
709 3543 811 3618 circa
831 3542 1024 3618 Cromlam
1043 3544 1269 3636 nimborum,
1290 3581 1297 3594 ·

360 3686 448 3787 Ipsa
465 3697 505 3760 et
522 3707 758 3783 quaecunque
777 3682 890 3782 virgo
909 3695 968 3758 est
985 3709 1061 3758 suae
1079 3685 1270 3786 optionis;

361 3827 452 3901 Post
470 3851 636 3900 ramosos
654 3850 788 3900 cervos
809 3837 867 3900 est
886 3825 967 3925 ejus
987 3825 1062 3900 iter
1079 3825 1357 3902 vehementer:

413 3975 423 4008 ‘
441 3968 545 4059 Fero,
566 3993 644 4040 non
662 3965 814 4042 auditur
831 3992 945 4042 sonus
964 3964 986 4041 d
1003 3991 1063 4043 me
1083 3968 1165 4068 ipso

361 4108 409 4184 In
426 4109 532 4199 silvd,
552 4107 593 4182 in
610 4118 741 4184 monte
759 4121 826 4184 aut
846 4133 980 4210 campo
999 4108 1136 4200 Lenae3

362 4249 454 4325 Non
472 4261 530 4324 est
546 4275 715 4326 ramosus
733 4273 869 4326 cervus
888 4251 928 4326 in
946 4263 1158 4353 conspectu
1175 4277 1271 4348 meo,

363 4391 449 4466 Neo
468 4417 580 4466 canes
595 4410 704 4502 actes
722 4394 762 4466 in
780 4393 985 4468 venatione
1003 4395 1148 4468 Iernos.

362 4531 455 4606 Non
473 4533 643 4606 cernitur
659 4559 682 4607 3
698 4558 758 4644 me
776 4533 997 4627 Galchossa,
1017 4557 1144 4610 meum
1163 4533 1404 4630 desiderium,

363 4673 490 4748 instar
508 4675 616 4765 lunae,
639 4699 722 4772 quae
741 4685 801 4747 est
816 4697 927 4765 nova,
949 4673 1231 4751 descendentis.

364 4813 572 4918 Recipe-te
590 4816 637 4891 ad
655 4813 841 4909 Alladem,
858 4814 966 4915 cujus
984 4815 1185 4893 canissima
1201 4827 1260 4891 est
1278 4817 1457 4912 caesaries,
