4224 5996
658 1281 859 1372 &cruor
884 1281 952 1357 IV.
981 1279 1280 1382 estrumentum.

416 1503 555 1566 Poematis
573 1503 684 1564 ectione
697 1505 788 1564 noctis
802 1506 957 1566 interventu
971 1505 1067 1577 dilati,
1081 1507 1153 1566 hunc
1173 1515 1272 1567 nectus
1290 1507 1466 1567 occasionem
1481 1507 1537 1568 Os·

455 1609 547 1668 sienne
565 1628 628 1668 sues
648 1627 691 1666 res
710 1611 783 1686 epud
799 1609 900 1686 Legem
920 1611 1015 1670 lecum
1032 1621 1122 1686 gentes
1142 1623 1275 1680 recenret,
1288 1623 1317 1670 et
1331 1613 1432 1689 quibus
1449 1612 1539 1670 modis

455 1711 618 1770 Evemllinis
635 1731 760 1770 cruorem
779 1713 987 1782 sollicitauerat,
1002 1733 1065 1791 quce
1080 1715 1193 1773 Oscurie
1213 1725 1303 1774 meter
1321 1726 1391 1786 eret,
1406 1725 1436 1774 et
1453 1715 1539 1794 poulo

453 1824 520 1874 ente
533 1826 643 1876 mortue
653 1827 714 1875 eret
725 1837 809 1895 quem
821 1817 968 1876 militarem
982 1818 1011 1875 in
1024 1817 1189 1877 Hibemiem
1202 1819 1407 1897 expeditionem
1419 1821 1541 1879 duxerat

455 1919 560 1994 Fingel.
596 1920 688 1996 Hujus
706 1921 746 1978 illi
768 1923 870 1979 umbre
883 1921 941 1979 vire
958 1930 1010 1992 est,
1025 1941 1088 2000 quae
1105 1923 1211 1981 indicet
1225 1923 1372 1994 Oscerem,
1386 1927 1432 2002 qui
1452 1934 1540 1983 noctu

454 2024 629 2101 speculatum
642 2023 732 2083 lueret
749 2025 858 2090 missus,
869 2043 935 2084 cum
950 2045 1035 2085 menn
1049 2027 1169 2086 hostiurn
1184 2023 1327 2103 premissi
1339 2045 1398 2086 esse
1411 2045 1540 2104 congres-

453 2147 527 2198 sum,
539 2140 568 2188 et
582 2138 690 2188 tuntum
709 2149 764 2188 non
783 2141 956 2208 superatum.
989 2129 1123 2190 Ossienus
1141 2129 1200 2188 filio
1218 2131 1374 2200 succurrit;
1395 2149 1492 2190 rumor
1506 2131 1541 2190 dc

456 2229 573 2290 Surreni
584 2233 705 2291 eduentu
718 2234 755 2291 ed
770 2234 888 2311 lingulis
902 2253 984 2302 eures
1002 2233 1134 2311 pervenit.
1173 2234 1236 2292 Rex
1249 2233 1265 2291 l
1279 2253 1377 2293 somno
1389 2235 1539 2307 excitetur,

454 2335 609 2394 exercitum
630 2345 884 2414 coniectumque
908 2347 940 2396 ut
962 2347 1045 2396 nocte
1065 2335 1208 2414 superiore
1229 2339 1405 2414 promiserat,
1424 2337 1541 2398 Gallum

457 2437 553 2498 Morni
572 2439 661 2498 filium
679 2440 826 2498 ductorem
844 2441 988 2516 designet:
1010 2442 1068 2518 ipse
1088 2441 1159 2500 filios
1178 2451 1211 2498 ut
1230 2441 1339 2500 sortiter
1356 2461 1386 2500 re
1403 2449 1540 2517 gererent,
1569 2522 1570 2526 Ἰ

455 2563 573 2622 suosque
593 2544 783 2614 defenderent,
797 2544 935 2616 hortetur,
955 2545 984 2602 in
1002 2544 1103 2602 collem
1121 2563 1158 2602 ex
1178 2563 1235 2621 quo
1254 2562 1374 2621 pugnem
1393 2546 1541 2602 observare

453 2659 544 2725 posset
565 2647 710 2706 concessit.
752 2647 882 2707 Proelium
904 2647 1106 2716 committitur;
1132 2644 1215 2705 ionio
1234 2647 1347 2706 Osceris
1368 2647 1443 2705 facte
1463 2646 1538 2704 cele-

456 2752 582 2811 brentur.
617 2751 657 2809 Ut
671 2751 736 2810 verd
751 2751 852 2822 Oecer,
867 2771 932 2811 cum
946 2761 1026 2831 petre
1040 2753 1117 2811 socio
1131 2753 1220 2811 altero
1234 2751 1342 2828 agmine
1357 2752 1447 2810 victor
1459 2759 1541 2821 esset,

452 2854 542 2914 eltero
551 2853 664 2931 quidem
673 2853 783 2922 Gellus,
793 2856 821 2912 in
832 2875 916 2933 quem
927 2857 1068 2916 Suerenue
1079 2859 1138 2936 ipse
1147 2859 1283 2935 impetum
1293 2856 1407 2926 iecerat,
1414 2856 1544 2914 vixetere

455 2967 576 3036 poteret.
607 2958 741 3027 Ullinem,
754 2959 886 3030 bardum,
898 2961 946 3038 qui
961 2961 1085 3020 animum
1100 2962 1202 3020 martio
1214 2971 1301 3020 contu
1315 2959 1491 3032 accenderet,
1505 2959 1542 3018 ed

455 3062 534 3121 illurn
548 3063 640 3143 lingui
651 3063 754 3130 mittit;
773 3063 858 3148 vincit
869 3075 963 3123 temen
973 3065 1123 3136 Surrenue,
1134 3074 1162 3123 et
1171 3063 1270 3123 Gellus
1282 3065 1411 3122 recedere
1422 3061 1541 3138 cogitur.

456 3167 562 3244 Fingel,
573 3167 645 3226 colle
659 3167 768 3236 relicto,
779 3169 869 3225 eciem
884 3169 1039 3236 instaurem
1060 3169 1202 3227 Suemnus
1212 3167 1318 3244 insequi
1328 3167 1443 3235 desistit,
1454 3173 1483 3223 et
1492 3163 1545 3222 cli·

458 3293 526 3332 roso
539 3274 602 3331 loco
617 3281 767 3348 occupetc,
781 3289 880 3347 agmen
894 3275 1040 3330 turbatum
1060 3272 1190 3340 restituit,
1205 3271 1377 3347 Hngelisque
1391 3270 1544 3327 edvenium

456 3387 614 3455 exspectet.
645 3376 719 3445 Rex,
738 3375 837 3434 milites
856 3376 996 3446 hortatus,
1010 3395 1073 3454 quae
1094 3395 1136 3434 ree
1157 3375 1281 3454 postulet
1298 3373 1351 3432 n're
1371 3379 1501 3452 imperet,
1514 3381 1544 3431 et

455 3480 585 3560 proelium
607 3479 783 3554 redintegret.
824 3477 965 3546 cucullio,
980 3471 1034 3556 'qui
1056 3498 1086 3536 se
1108 3477 1165 3536 und
1186 3498 1252 3537 cum
1271 3477 1377 3536 Conele
1400 3477 1493 3535 emico
1514 3487 1545 3536 et

457 3583 559 3644 Cerule
574 3595 636 3641 vete
655 3583 684 3640 iu
696 3583 802 3640 Turum
816 3593 928 3641 entrum
944 3595 1097 3661 receperat,
1110 3581 1218 3660 fregere
1234 3583 1340 3654 eudito,
1353 3581 1433 3642 collis
1447 3599 1544 3659 super·

457 3687 553 3747 cilium
576 3685 749 3756 conscendit,
772 3687 848 3763 quod
871 3687 942 3746 eciei
970 3689 1202 3766 supereminebat,
1229 3689 1304 3747 unde
1326 3707 1392 3746 cum
1417 3687 1544 3746 hortibus

458 3793 667 3852 conflictantem
688 3791 829 3868 Fingelenr
849 3792 1004 3868 conspexit.
1045 3792 1106 3862 ille,
1121 3812 1205 3872 quem
1225 3812 1260 3851 ne
1277 3812 1307 3851 ee
1326 3792 1430 3869 Finguli
1449 3791 1496 3869 qui
1515 3791 1545 3850 in

460 3899 520 3976 ipsu
544 3899 668 3957 victorire
695 3897 816 3956 arficulo
842 3908 903 3956 eret
929 3897 1093 3975 adjungeret
1118 3899 1264 3976 prohibuit
1288 3897 1389 3972 Conci,
1413 3895 1545 3958 Cerulem

459 4003 556 4074 mittit,
569 4013 602 4062 ut
616 4003 693 4062 heroi
707 4003 742 4062 de
755 4001 828 4062 ielici
841 4011 942 4061 eventu
954 4002 1151 4078 gratularetur.
