4224 5996
328 796 332 804 ’
431 871 458 916 v
488 844 671 930 ara-269.
897 841 1104 918 rrnonr.
1483 845 1550 920 res
1612 893 1618 904 1

431 1067 560 1142 Meam
579 1077 712 1141 taxum
729 1090 885 1141 curvam
902 1079 943 1140 et
960 1088 1147 1139 ramosum
1164 1088 1283 1139 cornu
1300 1065 1405 1138 cervi

430 1207 554 1283 Juxta
569 1209 666 1282 latus
684 1207 767 1283 saxi
785 1207 870 1282 cani
889 1205 992 1306 quod
1009 1209 1084 1302 [est
1100 1204 1163 1300 ad]
1179 1203 1332 1305 adjacet
1349 1205 1465 1307 capiti

430 1347 618 1446 Angusto,
641 1373 661 1422 e
680 1347 848 1448 regione,
868 1347 979 1422 molis
998 1370 1142 1420 saxosae
1161 1344 1242 1420 sine
1260 1346 1356 1420 luce.

433 1487 562 1579 Oscar,
583 1514 659 1561 non
678 1501 737 1563 est
756 1513 859 1564 amor
874 1486 969 1561 mihi
987 1485 1068 1587 ipsi,

430 1625 488 1700 Ut
505 1651 587 1700 eam
605 1627 827 1726 relinquam,
844 1652 868 1702 o
885 1627 949 1719 fili,
971 1628 1041 1702 sub
1059 1641 1125 1701 tua
1141 1653 1277 1718 manu;

431 1766 638 1866 Postquam
657 1768 801 1844 cecidit
818 1769 1002 1843 Evirallin
1023 1768 1187 1869 (proles)
1209 1782 1458 1862 strenuorum,

432 1908 526 1982 Filia
542 1909 699 1984 Brannae
717 1922 916 1986 acutorum
935 1913 1138 1986 telorum.’'

481 2049 585 2125 Ecce
600 2051 755 2124 modum
774 2075 849 2148 quo
867 2049 976 2123 fuere
994 2063 1122 2123 nostra
1141 2047 1259 2122 verba
1275 2047 1314 2122 in
1333 2049 1446 2138 clivo,

432 2190 596 2275 Quando
615 2191 782 2265 elevavit
798 2191 931 2265 Gallus
949 2203 1141 2264 scutorum
1158 2188 1317 2262 sublime

431 2331 578 2406 Vocem
596 2355 770 2430 magnam
791 2331 908 2405 instar
925 2331 1086 2429 fragoris
1104 2331 1237 2405 oceani

431 2471 549 2572 Super
565 2483 723 2548 ventum
742 2473 1030 2573 precipitiorum
1048 2483 1289 2572 assurgentis.

431 2612 591 2686 Sustulit
607 2613 782 2714 princeps
799 2613 969 2712 gladium
986 2614 1101 2714 patris
1120 2615 1233 2704 lente,

431 2751 482 2826 Et
498 2755 749 2854 processimus
766 2779 835 2827 nos
853 2754 901 2827 ad
919 2767 1082 2830 mortem
1100 2755 1313 2844 vulnerum,

430 2893 555 2970 Instar
573 2895 682 2969 undae
700 2895 917 2970 ebullientis
935 2895 975 2969 in
992 2895 1080 2986 sale,

429 3033 546 3130 Alba,
568 3035 733 3126 tumidae,
754 3035 1024 3130 fremebunda,
1045 3035 1253 3137 mugientia
1271 3036 1311 3109 in
1329 3037 1459 3128 altum,

430 3177 556 3252 Instar
574 3177 817 3278 scopulorum
835 3191 1002 3254 atrorum
1013 3178 1231 3256 ductibus*
1250 3177 1298 3252 ad
1315 3203 1513 3268 summum,

431 3318 677 3394 Occurrimus
695 3317 870 3395 hostibus
889 3333 930 3394 et
947 3320 1082 3394 icimus
1102 3343 1232 3394 eorum
1250 3319 1411 3417 agmina,
1443 3303 1446 3308 ⁵

429 3457 516 3532 Fuit
536 3459 772 3560 (oppositus)
795 3462 853 3535 vir
871 3461 964 3554 viro,
988 3473 1029 3535 et
1045 3435 1203 3560 chalybs
1222 3457 1388 3558 chalybi,

429 3599 553 3674 Scutis
573 3601 835 3676 resonantibus
852 3612 893 3674 et
904 3599 1121 3676 hominibus
1136 3600 1362 3675 cadentibus
1380 3601 1420 3676 in
1440 3611 1550 3677 terra.

427 3740 485 3815 Ut
506 3740 690 3839 (cadunt)
712 3753 868 3816 centum
887 3741 998 3816 tudes
1016 3767 1105 3816 cum
1122 3741 1207 3815 nisu
1226 3767 1338 3840 quam
1358 3743 1554 3819 celerrimo

321 3861 326 3874 ⁸
428 3881 475 3955 In
492 3883 648 3956 rubrum
666 3881 785 3957 filium
803 3883 971 3959 fornacis
987 3882 1236 3959 scintillarum
1254 3885 1422 3976 altarum,

427 4023 507 4098 Isto
525 4024 639 4097 modo
657 4035 907 4099 surrexerunt
923 4047 1028 4097 arma
1043 4024 1183 4124 populi,
1281 4053 1286 4070 ‘

428 4165 477 4240 Et
495 4165 549 4241 sic
566 4165 642 4240 fuit
658 4165 804 4240 sonitus
821 4167 995 4241 telorum.

478 4303 595 4379 Irruit
612 4305 746 4382 Gallus
764 4317 807 4381 ut
824 4307 960 4381 flamen
978 4305 1017 4379 in
1035 4305 1112 4378 alto
1130 4315 1271 4396 monte,

427 4445 478 4519 Et
496 4443 572 4520 fuit
588 4460 733 4548 strages
751 4459 991 4522 strenuorum
1011 4447 1092 4547 ejus
1111 4447 1271 4546 gladius.

428 4585 516 4660 Fuit
533 4587 717 4662 Suaranus
732 4615 800 4690 par
817 4613 948 4690 aspero
966 4587 1049 4688 igni

307 4723 311 4731 ’
427 4726 475 4800 In
493 4726 595 4803 erice
613 4729 801 4804 Gormalis
820 4729 1041 4804 inflammati
1059 4757 1178 4829 usque
1196 4730 1242 4806 ad
1262 4745 1386 4831 caput.

387 4875 389 4880 '
427 4867 685 4956 Quamobrem
705 4871 860 4971 prodam
879 4896 952 4970 ego
969 4873 1159 4946 memoriae
1178 4873 1217 4946 in
1236 4872 1400 4947 carmine

852 5037 868 5072 ⁸
882 5036 1120 5102 Subsultantibus.
