4224 5996
412 797 448 850 v.
466 775 649 861 467-494.
877 771 1083 850 FINGAL.

409 998 497 1073 Fuit
513 997 578 1072 illa
593 995 829 1071 radius-solis
852 997 957 1072 inter
974 996 1158 1086 feminas3

411 1139 498 1214 Fuit
514 1137 660 1238 nigrior
678 1162 795 1212 corvo
813 1137 895 1238 ejus
914 1136 1096 1237 capillua;

295 1375 300 1390 ⁸
411 1281 578 1355 Fuerunt
596 1280 748 1354 veloces
767 1277 849 1378 ejus
869 1303 982 1352 canes
1001 1277 1169 1354 venatici
1185 1277 1225 1352 in
1242 1278 1372 1354 littore
1389 1307 1400 1370 ς

412 1418 648 1494 Audiebatur
665 1419 746 1520 ejus
764 1443 872 1494 arcus
890 1418 930 1491 in
948 1433 1066 1494 vento
1085 1420 1283 1496 clivorum.

411 1560 504 1635 Erat
521 1561 602 1661 ejus
620 1559 766 1634 animus
785 1557 932 1634 Comali
950 1560 1222 1658 acquiescens;

412 1704 516 1802 Saepe
533 1711 783 1777 occurrerunt
799 1699 839 1774 in
856 1725 983 1774 amore
1001 1725 1131 1775 eorum
1150 1702 1265 1776 oculi.

413 1845 461 1918 In
477 1855 608 1917 monte
627 1851 708 1914 erat
725 1863 818 1939 opus
837 1865 968 1914 eorum
989 1833 1180 1933 manuum,

411 1983 436 2060 J
439 1982 591 2059 ucunda
607 1995 714 2057 erant
730 1981 873 2056 indicia
889 2005 1017 2056 eorum
1036 1983 1076 2056 in
1094 1984 1247 2058 occulto
1269 1986 1312 2084 (a
1329 1983 1477 2084 tergo),

414 2125 502 2200 Fuit
518 2121 747 2198 desiderium
765 2121 938 2196 Grumali
958 2123 1078 2222 virgo,

415 2266 585 2342 Domino
600 2262 789 2338 Ardvenae
807 2285 1028 2361 magnarum
1045 2264 1202 2346 nubium
1216 2293 1227 2355 ;

416 2406 503 2482 Fuit
519 2406 600 2506 ejus
617 2404 782 2480 attentio
800 2403 848 2477 ad
867 2403 948 2503 ejus
966 2403 1077 2478 itera
1094 2404 1246 2505 populo,

417 2547 549 2622 Hostis
568 2545 734 2622 Comelis
753 2545 972 2620 caerulorum
991 2557 1197 2619 scutorum.

418 2688 593 2775 Quodam
613 2687 677 2760 die
696 2710 746 2760 ex
765 2685 982 2776 venatione,
1004 2697 1044 2759 et
1061 2684 1136 2760 illis
1154 2684 1273 2780 fessis,

417 2829 570 2904 Nebula
589 2828 738 2902 celante
757 2827 893 2900 saltum
912 2851 933 2900 a
950 2827 1102 2926 populo,

417 2971 678 3046 Occurrerunt
695 2967 828 3043 Comal
847 2979 887 3042 et
904 2967 1016 3066 virgo
1034 2968 1176 3067 absque
1193 2968 1327 3045 fraude

417 3114 465 3188 In
482 3112 645 3187 caverna
663 3109 830 3184 Ronanis
847 3109 895 3183 ad
915 3108 1227 3184 colluctationem
1246 3101 1442 3202 undarum,

419 3251 523 3328 loco
541 3250 727 3325 domicilii
746 3249 893 3324 Comali
911 3271 961 3323 ex
980 3249 1167 3339 venando,

420 3393 500 3469 Sibi
518 3392 590 3493 ipsi
608 3402 648 3465 et
666 3389 747 3490 ejus
765 3389 875 3462 armis
893 3387 1130 3464 victricibus.

422 3535 589 3609 Fuerunt
608 3543 763 3606 centum
781 3541 889 3605 acuta
905 3531 982 3604 alta
997 3529 1080 3605 sine
1097 3531 1305 3631 ferrugine,

424 3675 589 3750 Centum
607 3673 725 3772 galeae
742 3669 877 3746 validae
896 3671 944 3745 de
964 3669 1138 3771 chalybe.

475 3822 484 3855 ‘
504 3815 608 3918 Cape
626 3814 782 3906 sedem,’
802 3814 980 3911 estquod
998 3813 1102 3888 dixit
1113 3814 1279 3914 juvenis,

428 3965 438 3998 ‘
457 3957 635 4046 Galvina,
657 3955 765 4056 cujus
784 3967 843 4029 est
860 3955 1127 4030 venustissima
1143 3955 1268 4030 forma
1279 3983 1290 4047 ;

423 4099 545 4173 Radie
560 4097 655 4172 lucis
674 4122 757 4194 quae
778 4109 836 4170 est
854 4121 934 4170 raro
952 4096 992 4170 in
1010 4098 1193 4189 cavernd3

423 4241 550 4315 Video
569 4264 642 4338 ego
657 4262 813 4314 cervum
826 4260 1016 4312 ramosum
1030 4261 1211 4336 magnum
1225 4239 1264 4312 in
1278 4240 1554 4341 prominentia;

424 4381 563 4472 Abibo,
585 4391 625 4455 et
642 4391 809 4456 revertar
824 4377 905 4452 sine
923 4379 1054 4451 mord!

430 4531 439 4565 ‘
458 4524 570 4598 Meus
589 4522 702 4596 timor
719 4533 778 4596 est
795 4519 843 4594 de
861 4518 998 4611 hoste,’
1017 4518 1122 4594 dixit
1139 4521 1260 4622 virgo,

425 4665 486 4740 De
506 4663 698 4754 Grumale,
720 4663 785 4762 qui
802 4687 879 4736 non
898 4677 1029 4760 surget
1046 4661 1085 4734 in
1104 4663 1279 4758 carmine,
1339 4639 1344 4650 ’

427 4803 473 4880 Εἰ
490 4817 550 4881 est
568 4829 677 4880 carus
695 4803 831 4880 Ronan
849 4815 889 4878 et
907 4803 988 4904 ejus
1006 4827 1179 4880 caverna.
