4184 5998
354 749 391 800 v.
414 731 571 808 74-101.
802 725 1033 801 TEMORA.
1412 731 1485 804 853

354 947 401 1021 In
420 949 630 1023 certamine
648 947 751 1024 circa
767 948 978 1050 praeeipitia
995 947 1154 1024 Conae.”

409 1093 433 1128 “
450 1087 576 1180 Folan‚
598 1113 647 1164 ne
664 1103 839 1166 move-te
857 1091 896 1164 in
914 1117 1045 1166 eorum
1063 1113 1284 1180 occursum3

355 1229 417 1303 Ne
436 1229 549 1305 cadat
566 1231 627 1304 vir
638 1231 794 1331 juvenis
812 1232 893 1308 sine
911 1232 1034 1308 fama:

354 1370 538 1446 Auditum
558 1383 616 1447 est
633 1373 682 1447 de
700 1397 785 1446 meo
802 1374 955 1447 nomine
975 1373 1220 1464 incautione,

355 1513 428 1587 Ibo
446 1537 520 1613 ego
537 1513 707 1604 ulterius,
730 1513 881 1612 quando
902 1529 960 1590 est
976 1539 1144 1591 necesse.
1166 1545 1170 1552 ·

356 1651 389 1726 E
405 1653 504 1753 palla
522 1652 631 1728 fusct
649 1655 773 1729 noetis
792 1655 1005 1753 tranquillae

359 1794 519 1869 Cemam
540 1821 614 1896 ego
631 1822 751 1895 usque
769 1797 816 1872 ad
834 1823 965 1872 eorum
983 1809 1136 1898 tergum
1153 1799 1343 1902 populum.
1370 1863 1373 1870 .

358 1934 487 2020 Quare
505 1933 582 2010 fuit
598 1948 685 2012 tuus
704 1963 826 2013 sermo
845 1939 949 2013 circa
963 1939 1172 2015 Osearem?

357 2077 486 2163 Quare
500 2077 817 2178 expergefactum
831 2093 890 2154 est
903 2079 925 2153 a
938 2093 977 2154 te
989 2077 1189 2178 suspirium
1202 2077 1277 2154 mai
1292 2078 1479 2182 pectoris?

358 2217 528 2292 Ponatur
544 2220 592 2293 ad
610 2231 762 2319 tergum
781 2246 941 2319 magnus
959 2221 1148 2321 princeps,

359 2359 496 2434 Donec
514 2362 827 2460 purgaverint-se
845 2361 964 2436 nimbi
982 2359 1005 2435 a
1022 2375 1153 2436 nostro
1171 2361 1300 2436 latere.

359 2501 422 2576 Ne
440 2514 517 2576 atet
534 2502 659 2576 luctus
677 2501 805 2577 medio
824 2503 1006 2604 periculo,

360 2642 446 2718 Nec
464 2645 643 2744 lacrymae
661 2643 829 2718 moeroris
848 2644 888 2716 in
905 2645 1018 2718 oculo
1037 2643 1274 2719 bellatorum.

361 2784 485 2860 Obliti
503 2799 593 2861 suut
609 2799 735 2886 patres
753 2810 840 2858 suos
858 2783 955 2859 filios

360 2925 494 3025 Usque
511 2925 559 3000 ad
578 2927 691 3000 finem
709 2925 883 3014 telorum,
904 2921 1135 3023 proeliorum,
1153 2937 1192 3001 et
1210 2949 1408 3004 armorum.

361 3066 550 3141 Reversus
570 3079 628 3141 est
645 3078 737 3141 tunc
757 3090 887 3140 eorum
904 3066 1030 3141 luctus
1048 3065 1187 3157 denuo,

361 3208 414 3284 Et
429 3208 534 3282 modi
552 3209 748 3306 elegantes
765 3208 788 3281 a
804 3207 936 3280 naeniis
954 3206 1170 3284 bardorum.

413 3347 540 3422 Conar
562 3347 678 3446 (fuit)
699 3348 820 3423 frater
837 3349 1018 3447 egregius
1032 3323 1250 3440 Trathalia'

363 3488 490 3591 Caput
507 3490 678 3566 virorum
695 3490 834 3589 quibus
852 3504 935 3566 erat
950 3515 1103 3566 carmen
1121 3516 1231 3568 mors.

362 3633 554 3732 Sanguine
573 3633 655 3733 ejus
672 3631 841 3708 hostium
859 3631 965 3706 eirca
981 3633 1087 3708 mille
1104 3633 1221 3724 rivos,

364 3774 462 3850 Cum
482 3775 563 3876 ejus
583 3775 705 3876 gloria
720 3776 968 3876 replebantur
984 3775 1103 3850 valles
1120 3775 1249 3850 Iernes

364 3919 484 3992 Velut
501 3917 592 3991 aura
609 3917 687 3992 leni
705 3917 825 4008 venti,
846 3915 985 3990 cumis
1004 3926 1062 3990 est
1079 3913 1228 3990 debilis.

365 4056 552 4133 Coierunt
568 4073 705 4157 gentes
722 4082 871 4156 magnae
888 4056 1052 4148 Ullinae;
1078 4091 1081 4100 ¹
1309 4056 1486 4154 [diorum,

366 4198 560 4275 Miserunt
572 4199 627 4274 illi
643 4197 858 4274 missionem
875 4197 1180 4296 [invitationem]
1195 4198 1242 4273 ad
1258 4223 1389 4299 regem
1407 4199 1489 4298 gla-

365 4339 426 4415 Ad
445 4366 576 4440 regem
594 4365 643 4416 ex
663 4339 848 4440 progenie
866 4341 1005 4440 magna
1022 4341 1174 4432 montis,
1367 4339 1487 4438 [lium.

365 4483 515 4558 Semine
529 4483 661 4558 Selmae
670 4483 1109 4584 juvenum-bellatorum
1125 4481 1250 4586 (ungar)
1264 4482 1367 4558 haud
1382 4483 1490 4558 debi-

367 4623 564 4726 Prinoipes
581 4625 711 4700 Iemes
729 4649 752 4697 a
768 4624 926 4700 meridie
946 4635 1195 4700 surrexerunt

367 4763 415 4840 In
432 4765 667 4842 obscuritate
684 4766 812 4841 clausa
829 4793 906 4842 suae
924 4769 987 4844 irae
1005 4765 1268 4856 vehementis3
