4172 5982
377 833 414 886 v.
436 811 618 895 run-156.
837 806 1045 884 FINGAL.

375 1029 519 1130 Fingal,
541 1031 607 1130 qui
624 1029 783 1130 dissipat
800 1028 931 1120 fortes,

373 1167 432 1248 Ut
451 1169 654 1247 conflictus
672 1171 887 1245 nimborum
904 1169 1054 1259 herbas,

375 1309 541 1396 Quando
560 1309 691 1386 fremit
710 1311 853 1387 flumen
872 1311 988 1386 Conae
1008 1309 1251 1400 tumulorum,

374 1447 426 1522 Et
444 1450 610 1526 Morven
630 1464 688 1526 est
706 1452 746 1524 in
762 1450 905 1526 amictu
923 1453 1146 1526 coelorum.'’

372 1585 492 1662 Dixit
509 1589 669 1682 Calmar,
695 1593 768 1665 “A
785 1616 872 1664 meo
890 1602 1101 1691 conspectu
1117 1592 1218 1667 absit
1234 1617 1311 1691 pax
1325 1617 1335 1683 ;

375 1728 516 1829 Pergat
534 1729 655 1806 Conal
672 1731 719 1805 ad
738 1755 919 1830 vaporem
937 1733 1080 1806 montis
1099 1731 1179 1822 sui;

375 1869 431 1944 Sit
449 1871 530 1971 ejus
548 1871 657 1946 hasta
674 1882 809 1946 contra
826 1896 979 1947 cervam
998 1885 1159 1962 certans,

375 2011 475 2086 Vice
494 2013 720 2087 occursandi
741 2012 781 2086 in
799 2014 983 2088 conflictu
1000 2013 1196 2104 centuriis,

375 2152 529 2226 Sectare
547 2163 591 2226 tu
610 2177 767 2228 cervum
786 2155 1020 2230 maculosum
1039 2179 1151 2255 super
1169 2151 1333 2244 cronia,

375 2289 449 2364 Eat
465 2302 530 2366 tua
547 2291 689 2391 sagitta
706 2317 773 2392 per
790 2319 943 2395 capreus
963 2296 1088 2374 Lenaea

373 2431 441 2522 Tu,
464 2443 553 2506 nate
572 2433 683 2508 Semo
702 2459 901 2533 generoso,

375 2571 469 2646 Dux
488 2573 659 2648 virorum
677 2587 718 2650 et
736 2578 982 2670 advenarum,

375 2714 524 2815 Disjice
543 2729 583 2790 et
599 2717 694 2818 fuga
710 2741 840 2792 semen
858 2717 1053 2794 Lochlinis
1070 2717 1249 2806 navium3

375 2854 582 2957 Perrumpe
600 2869 743 2933 coetum
761 2858 1051 2959 peregrinorum
1075 2857 1272 2947 undarum,

375 2994 513 3112 Donec
530 2997 632 3073 haud
651 3010 785 3098 surgat
800 2997 1000 3097 navigium
1018 2999 1058 3074 in
1075 2999 1153 3073 sale

375 3137 483 3212 Velis
500 3151 566 3214 aut
582 3141 622 3215 vi
640 3165 838 3216 ramorum.

376 3275 491 3352 Circa
507 3304 612 3353 mare
629 3281 926 3357 fremebundum
942 3284 1141 3358 Inistorcae

375 3417 541 3518 Surgunt
558 3421 667 3494 venti
684 3422 814 3496 Iernes
832 3424 920 3513 alte,

376 3557 714 3636 Circumflectatur
730 3573 815 3636 ater
832 3564 943 3636 flatus
960 3561 1171 3663 superne-

375 3697 615 3774 Occumbam
632 3727 702 3803 per
719 3715 869 3801 spectra
886 3701 1011 3792 morti,

376 3839 413 3915 Si
431 3865 609 3939 sequerer
628 3865 785 3916 cervum
803 3853 881 3916 tam
900 3842 1088 3918 velociter

377 3981 504 4067 Quam
521 3981 928 4058 fervidum-certamen
948 3985 1084 4059 durum
1102 3984 1340 4059 vulnerum.’‘

430 4130 454 4164 “
470 4123 495 4198 J
498 4123 634 4198 uvenis
652 4126 707 4200 fili
726 4125 881 4218 Mathe,
903 4125 1004 4202 hnud
1023 4125 1197 4201 recusavi
1215 4147 1288 4225 ego
1307 4147 1474 4222 unquam

379 4262 585 4339 Certamen
602 4279 820 4359 scutorum3
849 4280 889 4343 et
907 4293 1007 4343 eram
1025 4279 1129 4342 arcte
1147 4267 1351 4368 adjunctus

378 4407 479 4482 Meis
497 4409 629 4484 amicis
647 4411 688 4486 in
708 4411 916 4486 certamine
934 4410 1136 4500 hastarum,

378 4545 461 4621 Etsi
479 4573 592 4642 eram,
613 4575 692 4626 non
710 4551 892 4650 quaesivi*
911 4577 984 4651 ego
1002 4551 1164 4626 laudem.

379 4687 659 4788 Reportabatur
677 4694 840 4770 victoria
857 4695 896 4769 in
914 4719 1000 4770 meo
1018 4701 1228 4794 conspectu
1246 4690 1286 4765 in
1303 4690 1450 4792 proelio,

381 4827 619 4908 Creaverunt
629 4835 903 4931 (sustulerunt)
912 4834 1050 4912 heroes
1062 4833 1194 4934 fugam
1206 4845 1246 4910 et
1259 4831 1383 4908 secuti
1395 4841 1496 4906 sunt,

790 5004 807 5038 ‘
819 5003 949 5080 captavi,
962 5005 1076 5083 arripui.
