4184 5998
380 795 417 849 v.
439 775 629 860 loo-49³.
823 769 1054 850 TEMORA.
1437 772 1504 848 861

381 995 452 1072 Est
467 1019 537 1072 rex
559 995 624 1094 qui
642 994 719 1070 fuit
736 1005 912 1072 strenuus
932 997 1014 1071 sine
1033 997 1210 1088 carmine,
1232 997 1313 1072 sine
1332 1007 1458 1072 cantu.

382 1135 474 1213 Erat
492 1137 708 1213 coruscatio
725 1163 818 1238 pura
837 1163 1037 1240 erumpens
1054 1162 1203 1239 semper

383 1277 580 1355 Cathmori
596 1279 644 1354 ab
664 1277 745 1380 ejus
764 1279 872 1357 fusca
888 1301 1030 1371 mente,

380 1421 509 1496 Instar
525 1421 624 1496 lunae
642 1421 888 1522 despicientis
907 1421 956 1496 de
974 1423 1077 1498 nube

380 1561 490 1638 Inter
507 1563 655 1638 tonitru
672 1560 903 1637 atro-rufum
922 1561 1090 1637 noctis.''

435 1709 460 1745 “
473 1703 544 1777 Fili
563 1703 735 1796 lernes,'’
754 1703 931 1803 respondi
951 1729 1025 1804 ego
1043 1703 1134 1806 ipse,
1286 1705 1498 1804 [tellurem;

381 1844 472 1920 Non
490 1857 549 1920 est
562 1871 647 1920 mea
663 1845 719 1920 ira
735 1846 996 1946 [persequens]
1009 1845 1091 1922 iens
1107 1857 1196 1946 post
1212 1871 1298 1920 eum
1316 1871 1435 1945 usque
1453 1846 1505 1921 ad

381 1987 578 2063 Abscessit
596 2013 723 2063 meum
741 1987 871 2063 odium
891 1987 1011 2062 instar
1027 1985 1164 2086 aquilae
1184 1988 1365 2064 coelorum

379 2128 440 2204 Ab
458 2125 632 2204 hostibus
649 2128 720 2204 sub
739 2129 878 2205 damno
896 2141 936 2204 et
952 2129 1133 2230 pulvere;

380 2269 597 2345 Audientur
612 2270 661 2344 ab
678 2269 744 2344 illo
764 2269 871 2344 bardi
890 2293 978 2345 cum
996 2280 1134 2361 cantu;

382 2408 467 2485 Erit
484 2411 618 2485 laetitia
634 2408 808 2486 bellatori
830 2409 870 2484 in
888 2411 1047 2484 vento.’'

431 2550 607 2626 Surrexit
622 2550 769 2626 animus
787 2553 891 2652 regis
909 2552 947 2626 in
964 2553 1094 2644 altum,

381 2691 521 2768 Traxit
538 2693 605 2766 ille
622 2719 731 2767 suum
749 2693 923 2791 gladium
937 2691 960 2766 ὲ
975 2693 1118 2785 latere3

384 2831 518 2908 Posuit
535 2833 599 2907 ille
614 2833 695 2934 ejus
714 2859 962 2910 coruscamen
974 2859 1111 2934 purum
1129 2835 1171 2910 in
1188 2859 1309 2910 meam
1327 2861 1501 2927 manum;

385 2971 485 3048 Cum
502 2971 661 3074 suspirio
679 2972 720 3046 in
737 2971 890 3049 silentio
908 2999 930 3048 a
945 2999 1006 3048 me
1024 2973 1107 3076 ipso

384 3113 573 3190 Discessit
592 3113 778 3190 Cathmor
793 3114 1042 3191 victoriarum
1060 3112 1230 3194 fortium.
1267 3155 1270 3162 .

384 3257 546 3332 Secutus
565 3269 624 3332 est
641 3280 746 3331 meus
764 3257 897 3333 oculus
915 3254 1031 3331 heroa
1047 3255 1252 3332 abeuntem
1279 3333 1280 3337 ,

384 3397 504 3472 Velut
521 3396 718 3498 ingentem
736 3395 896 3472 formam
913 3395 1055 3498 spectri
1076 3395 1303 3496 fulgentem,

386 3539 553 3628 Quando
571 3540 739 3616 occurrit
756 3537 926 3614 terribile
944 3535 1186 3612 simulacrum
1204 3551 1454 3634 mortuorum,

386 3681 536 3756 Viatori
554 3681 594 3756 in
611 3692 911 3780 muto-tempore
927 3679 1065 3772 noctis,
1105 3723 1106 3729 κ

388 3825 435 3900 lu
452 3825 594 3899 amictu
611 3822 722 3898 fusco
741 3821 931 3896 clivorum
951 3821 1022 3896 sub
1042 3833 1183 3916 ventor

387 3965 510 4044 Erunt
527 3966 647 4040 verba
660 3965 778 4040 instar
796 3965 931 4038 cantus
950 3961 1172 4062 antiquitus,

390 4107 487 4182 Cum
505 4105 889 4208 matutino-tempore
906 4132 956 4182 ex
976 4131 1121 4183 oceano
1138 4106 1318 4197 stillante,

388 4246 440 4323 Et
457 4247 538 4348 ejus
554 4246 676 4322 forma
692 4246 911 4322 semi-facta
928 4273 979 4324 ex
999 4266 1151 4350 vapore.

439 4389 536 4477 Quis
554 4390 618 4465 ille
636 4389 725 4465 istic
742 4387 765 4464 a
783 4388 932 4466 Lubare
954 4392 1186 4471 err-adverso

386 4532 447 4609 Ab
465 4529 609 4606 amictu
626 4530 782 4606 vallium
804 4557 854 4607 ex
871 4533 1036 4608 nebula?

388 4672 458 4749 Est
475 4699 535 4749 ros
554 4673 738 4778 coelorum
756 4675 860 4749 circa
878 4675 959 4774 ejus
978 4688 1115 4776 caput;

389 4815 486 4892 Sunt
502 4841 633 4918 passus
651 4815 734 4916 ejus
751 4813 859 4890 tarde.
876 4815 946 4892 sub
963 4815 1098 4891 luctu?
