4224 5996
265 723 270 734 ’
362 801 399 853 v.
417 783 599 859 aar-ssa.
813 769 1020 852 mucan.

358 998 416 1075 Ut
433 1001 600 1074 refluxus
619 1023 775 1073 sonorus
793 996 927 1074 oceani
944 991 1085 1092 magni,

358 1137 603 1214 Revertentis
621 1165 644 1212 a
660 1138 815 1212 tumulis
833 1149 944 1212 terra
958 1133 1069 1223 nivis,

357 1279 479 1377 AEque
498 1279 634 1372 valida,
657 1303 764 1376 aeque
779 1289 870 1368 atra,
892 1300 997 1375 aeque
1020 1276 1156 1374 ingens

357 1421 571 1496 Descendit
587 1421 791 1522 progenies
808 1419 964 1494 navium
981 1415 1005 1491 a
1022 1415 1135 1492 clivo.

357 1560 451 1637 Erat
468 1587 598 1636 eorum
614 1585 686 1634 rex
704 1573 793 1634 ante
809 1583 971 1658 magnus
989 1568 1029 1634 et
1046 1569 1220 1632 strenuus

356 1701 402 1778 In
421 1703 590 1803 pernicie
608 1703 689 1802 ejus
706 1700 891 1802 superbie
908 1711 1103 1776 scutorum
1121 1708 1161 1772 et
1178 1721 1378 1774 armorum.

356 1842 512 1919 Exarsit
528 1843 583 1920 ira
598 1843 639 1917 in
655 1853 766 1918 torva
780 1840 882 1916 facie
897 1838 1000 1915 haud
1017 1839 1134 1916 molli.

358 1984 445 2060 Fuit
462 1987 543 2084 ejus
562 1985 694 2060 oculus
711 1995 757 2058 ut
772 1981 872 2082 ignis
891 1979 983 2058 clivi
1001 1981 1041 2056 in
1057 1981 1237 2082 procella

407 2122 622 2226 Conspexit
638 2125 773 2225 Fingal
790 2135 920 2209 natum
938 2123 1083 2214 Starno,
1105 2123 1171 2222 qui
1190 2133 1271 2200 erat
1287 2121 1459 2218 eximius,

355 2263 407 2339 Et
423 2263 500 2338 fuit
517 2263 733 2339 recordatio
751 2265 786 2338 ei
802 2263 962 2363 virginis
981 2264 1082 2338 nivis
1101 2231 1398 2364 [Agandeccae];

358 2406 524 2494 Quando
542 2405 687 2482 cecidit
705 2405 780 2496 illa,
801 2405 878 2478 fuit
894 2405 1079 2480 Suaranus
1096 2406 1165 2481 sub
1182 2405 1360 2506 lacrymis
1375 2433 1386 2498 ;

359 2545 869 2649 Ciroajnvenem·feminam‚
885 2545 994 2646 cujus
1008 2561 1091 2622 erat
1102 2546 1357 2647 pulcherrima
1372 2573 1483 2648 gena.

355 2689 437 2764 Ivit
453 2689 563 2765 Ullin
581 2699 765 2764 cantuum
785 2686 826 2762 in
844 2687 925 2786 ejus
942 2709 1145 2764 occursum

356 2827 417 2902 Ad
437 2853 523 2902 eum
542 2827 783 2904 invitandum
801 2827 848 2902 ad
867 2825 1090 2902 convivium
1107 2827 1148 2902 in
1165 2828 1308 2906 littore.

355 2969 444 3043 Fuit
456 2969 631 3070 jucunda
649 2969 731 3068 regi
748 2967 939 3044 montium
955 2992 1180 3066 magnarum

356 3109 589 3186 Recordatio
608 3109 771 3208 virginis
789 3111 872 3209 ejus
890 3109 1001 3209 primi
1020 3109 1212 3186 desiderii.

405 3249 524 3324 Venit
541 3249 661 3344 Ullin,
683 3251 792 3350 cujus
811 3261 896 3324 erat
909 3250 1077 3325 maxime
1094 3249 1224 3328 senilis
1241 3249 1391 3348 gradus,
1439 3319 1443 3328 .

356 3389 408 3466 Et
424 3392 613 3466 allocutus
631 3403 690 3466 est
706 3391 786 3489 ipae
804 3389 922 3464 filium
940 3388 1074 3465 Starni.

358 3532 459 3606 “Tu
477 3529 499 3606 a
517 3531 618 3606 terrt
635 3531 856 3631 longinqua,
878 3531 939 3626 vir
956 3545 1120 3624 strenue,

356 3671 435 3759 Qui
454 3695 493 3746 ea
511 3670 653 3762 similis,
674 3671 715 3744 in
732 3681 799 3746 tuo
816 3671 963 3748 vestitu
979 3684 1020 3747 et
1038 3671 1078 3754 in
1096 3669 1172 3746 tuis
1189 3653 1312 3764 armis,
1439 3739 1442 3746 .

355 3813 470 3888 Cauti
488 3814 527 3888 in
546 3812 675 3887 medio
692 3812 890 3904 undarum,
947 3843 951 3852 ·
1003 3829 1007 3840 '

352 3953 454 4028 Veni
471 3967 515 4028 tu
531 3953 579 4028 ad
598 3954 727 4052 epulas
747 3952 977 4054 principum,

356 4092 547 4170 Consume
566 4093 667 4168 diem
687 4093 727 4167 in
745 4093 1021 4192 tranquillitate
1038 4093 1109 4168 sub
1127 4091 1331 4184 convivio;

355 4234 447 4308 Cras
465 4235 515 4308 sit
532 4233 701 4310 fractura
717 4245 923 4326 scutorum,

353 4373 404 4448 Et
421 4387 625 4467 certamen,
647 4375 749 4452 circa
766 4377 869 4474 quod
887 4374 1105 4474 obliquatur
1120 4375 1268 4452 hasta.”

408 4521 432 4554 “
450 4514 538 4590 Hoc
556 4515 620 4590 die
638 4516 760 4618 ipso,'’
779 4517 883 4593 dixit
899 4517 999 4596 filius
1016 4519 1150 4613 Starni,
1176 4525 1200 4562 “
1216 4515 1291 4594 hoc
1309 4513 1372 4592 die
1389 4517 1472 4616 ipso

353 4653 502 4754 Frango
520 4657 561 4730 in
577 4670 710 4734 monte
727 4659 885 4740 hastam.

356 4793 449 4874 Cras
467 4795 540 4874 erit
558 4811 645 4876 tuus
662 4825 734 4878 rex
752 4801 835 4882 sine
852 4802 903 4898 vi,
