4224 5996
375 843 412 894 v.
435 819 614 894 186-213.
831 813 1037 888 FINGAL.

372 1043 468 1128 Quae
487 1039 666 1139 equitatis
686 1039 725 1114 in
742 1063 882 1139 vapore
901 1047 1159 1135 supervento,

314 1221 319 1236 ·
371 1181 551 1280 Excipite
570 1191 761 1277 quotquot
778 1177 918 1254 cadent
935 1179 1017 1252 sine
1034 1179 1175 1270 animb,

369 1321 420 1395 Et
436 1321 586 1396 auferte
604 1320 652 1393 ad
671 1319 862 1393 Cromlam
881 1319 1088 1392 bellatores
1103 1345 1113 1409 ;

370 1460 512 1536 Gelida
526 1460 679 1534 flamina
696 1459 818 1552 Lenae,
840 1459 944 1558 agite
961 1456 1062 1534 ultrd

370 1601 442 1676 Per
459 1602 577 1676 altum
595 1614 767 1675 strenuos
785 1599 833 1673 ad
852 1625 955 1674 suam
973 1614 1118 1674 terram
1133 1626 1145 1691 ς

367 1742 536 1816 Veniant
554 1742 609 1815 illi
628 1741 730 1815 inter
746 1763 832 1813 mea
848 1741 994 1814 somnia
1010 1741 1106 1816 lenti

363 1883 527 1958 Allaturi
545 1881 716 1956 laetitiam
734 1906 820 1954 meo
838 1882 962 1956 animo
980 1883 1020 1956 in
1037 1907 1145 1982 pace.

415 2023 541 2116 Folan,
564 2035 604 2097 et
620 2022 740 2097 Osear
757 2022 980 2122 capillorum
995 2021 1276 2112 subfuscorum,

362 2163 524 2237 Juvenis
542 2163 672 2253 Roeua,
695 2163 805 2262 cujus
824 2175 977 2237 estnon
995 2161 1101 2236 laevis
1119 2162 1432 2252 dura-armatura,

364 2303 567 2378 Procedite
586 2327 674 2376 curn
691 2301 920 2376 fortitudine
943 2301 1013 2376 sub
1031 2300 1159 2395 heroe,

364 2443 458 2516 Filio
477 2443 636 2531 Mornoe,
659 2442 723 2539 qui
742 2465 902 2541 magnus
922 2443 1037 2517 estin
1056 2446 1371 2534 consectatione;

362 2582 445 2656 Sint
462 2582 580 2656 vestri
598 2580 717 2680 gladii
736 2592 779 2654 ut
797 2582 879 2681 ejus
897 2583 1047 2680 gladius
1066 2583 1105 2658 in
1124 2586 1335 2674 conflictu3

363 2709 572 2798 Intuemini
591 2722 672 2822 ejus
690 2721 796 2795 facta
812 2721 914 2795 haud
934 2723 1086 2798 sinistra
1104 2724 1144 2798 in
1162 2726 1319 2826 proelio;

362 2863 396 2938 A
413 2863 550 2936 damno
568 2873 717 2936 servate
735 2875 883 2936 vestros
902 2864 1045 2938 amicos
1063 2865 1103 2939 in
1122 2865 1231 2958 saltu,

363 3002 454 3077 Este
472 3027 655 3078 memores
674 3027 805 3076 eorum
824 3004 888 3100 qui
906 3003 1092 3078 abierunt.

364 3143 582 3218 Cernentur
599 3143 802 3240 aliquando
821 3144 897 3216 mei
915 3142 1049 3218 heroes
1069 3145 1230 3244 egregii,

361 3285 565 3381 Postquam
584 3283 800 3358 ceciderint
818 3284 858 3357 in
876 3285 989 3358 Ierne
1008 3285 1048 3356 in
1065 3310 1216 3383 pugna;
1327 3289 1479 3383 [saxosa

362 3422 580 3498 Cernentur
608 3447 736 3498 eorum
764 3435 916 3524 spectra
945 3423 1027 3496 sine
1057 3425 1187 3499 colore
1217 3450 1330 3526 super
1358 3427 1475 3500 mole·

360 3565 406 3638 In
424 3565 571 3638 nebulis
591 3577 630 3638 et
647 3563 777 3662 gelido
796 3577 914 3637 vento
934 3562 1091 3638 Conae.’'
1200 3551 1204 3560 ¹
1285 3567 1473 3664 [torvitas

295 3795 302 3808 ι
409 3705 465 3780 Ut
491 3705 642 3779 nimbus
668 3728 736 3806 per
760 3703 959 3803 procellas,
986 3704 1096 3804 cujus
1125 3719 1185 3780 est
1212 3708 1477 3784 obscurissima

359 3842 450 3942 Ejus
468 3845 715 3920 extremitate
735 3847 967 3922 inflammati
983 3846 1209 3947 fulguribus,

358 3982 417 4056 Ad
437 3983 678 4059 occidentem
697 4011 764 4084 per
781 3987 928 4061 radium
946 3989 1173 4062 matutinum
1190 3985 1359 4088 fugatur,

359 4121 418 4197 Sic
437 4125 639 4226 occupavit
657 4151 726 4201 rex
743 4128 875 4203 Selmae
894 4127 1195 4206 fauces-montis.
1256 4223 1259 4230 Δ

358 4261 415 4337 Ut
432 4266 750 4368 terrifici-specui
768 4268 844 4342 fuit
863 4270 932 4344 lux
950 4295 1149 4364 armorum,

357 4403 514 4479 Duabus
533 4407 649 4481 hastis
668 4409 1028 4486 admodum-crassis
1044 4411 1084 4485 in
1102 4412 1184 4512 ejus
1201 4436 1326 4486 manu.

356 4542 404 4618 In
423 4557 540 4619 vento
558 4545 634 4621 fuit
652 4547 807 4624 diffusio
826 4551 1047 4650 capillorum
1065 4577 1254 4642 canorum,

356 4679 407 4755 Et
425 4682 505 4782 ejus
523 4686 680 4762 obtutus
698 4689 744 4762 ab
763 4690 883 4764 latere
901 4693 1088 4792 [oblique]
1104 4717 1234 4768 versus
1252 4703 1454 4768 certamen.

356 4820 485 4898 Secuti
504 4839 592 4902 sunt
609 4839 687 4903 tres
705 4829 813 4906 bardi
830 4857 1009 4930 magnum
1027 4831 1238 4932 principem
