4224 5996
419 798 456 851 v.
479 737 658 852 rto-ras.
848 774 1083 851 ·F1NGAL.
1421 735 1424 742 ⁴
1470 787 1537 860 157

415 995 541 1070 Audio
560 1021 692 1071 eorum
709 1021 846 1071 vocem
864 998 905 1071 in
923 996 1052 1096 gelido
1070 998 1229 1072 vento.”

421 1145 444 1179 “
462 1133 524 1211 Ito
542 1149 644 1212 trans
663 1136 804 1212 Lenam
823 1163 934 1236 quam
953 1136 1159 1226 celerrime,

326 1295 328 1300 ’
417 1277 728 1353 Praestantissime
747 1279 878 1368 Oscar,
900 1289 940 1352 et
957 1277 1087 1352 excita
1104 1277 1347 1352 bellatores.”

463 1417 525 1492 Ad
543 1443 701 1494 curvum
719 1417 882 1518 lapidem
902 1419 1059 1493 Lubaris
1076 1418 1187 1492 stetit
1203 1443 1295 1508 rex;

414 1559 490 1632 Ter
506 1559 658 1633 sustulit
676 1559 739 1632 ille
758 1583 904 1632 sursum
923 1583 1026 1632 suam
1044 1582 1191 1634 vocem.

414 1699 675 1774 Subsiluerunt
694 1700 798 1773 cervi
816 1699 857 1773 in
876 1698 1029 1773 Cromla
1045 1700 1218 1790 saltuosa,

412 1839 666 1914 Tremuerunt
682 1865 784 1930 saxa,
806 1851 846 1913 et
863 1839 1084 1939 praecipitia,
1106 1852 1146 1913 et
1164 1851 1360 1916 torrentes.

413 1981 539 2055 Instar
553 1981 727 2055 fremitlls
743 1992 898 2056 centum
913 1979 1137 2054 torrentium
1153 2005 1376 2080 magnorum
1391 2008 1412 2058 e
1422 1983 1527 2085 jugis

414 2122 492 2208 Qui
511 2122 694 2196 resultant
712 2121 781 2194 sub
800 2120 932 2220 spuma
949 2133 990 2194 et
1006 2119 1196 2219 mugiunt,

411 2261 469 2338 Ut
486 2274 679 2362 eoguntur
694 2262 734 2336 in
752 2262 956 2361 procellam
977 2273 1016 2335 et
1033 2261 1282 2336 effunduntur

410 2401 544 2477 Nimbi
561 2403 762 2478 mutabiles
780 2427 847 2502 per
864 2403 1003 2478 caerula
1019 2403 1211 2494 coelorum,

412 2543 697 2620 Concurrerunt
714 2543 915 2618 bellatores
933 2543 1170 2620 desertorum
1191 2546 1377 2621 montium

411 2685 486 2760 Sub
505 2709 641 2760 vocem
660 2695 700 2759 et
716 2685 786 2759 sub
805 2685 975 2783 gladium
993 2684 1105 2784 regis.

409 2825 497 2900 Fuit
508 2823 683 2925 jucunda
699 2825 838 2925 populo
856 2835 965 2899 terrae
983 2851 1057 2900 suae

409 2965 501 3039 Vox
520 2966 620 3065 regis
639 2967 848 3058 Morvenis,
870 2967 976 3066 eujus
996 2978 1077 3042 erat
1093 2977 1248 3041 strenua
1263 2991 1417 3060 manus;

409 3107 512 3208 Saepe
530 3107 653 3183 secuti
671 3119 759 3180 sunt
776 3106 831 3180 illi
852 3105 899 3180 ad
918 3131 1091 3206 campum
1108 3107 1312 3206 plagarum,

407 3247 459 3323 Et
475 3249 619 3324 reversi
638 3259 726 3321 sunt
742 3247 797 3320 illi
816 3271 904 3322 eum
922 3246 1072 3320 exuviis
1089 3247 1112 3319 d
1129 3248 1272 3346 proelio

461 3395 485 3432 “
502 3387 705 3463 Procedite
716 3387 770 3462 wad
790 3388 1023 3476 certamen‚’'
1041 3386 1167 3482 inquit
1183 3387 1370 3489 princeps,

409 3537 435 3570 “
452 3529 605 3604 Soboles
624 3529 755 3602 Selmae
774 3525 953 3602 altissime
971 3528 1204 3618 resonantis;

406 3670 609 3746 Procedite
627 3669 675 3743 ad
692 3680 853 3746 mortem
872 3667 1033 3742 millium
1050 3667 1090 3740 iu
1105 3668 1232 3758 clivo;

405 3811 603 3912 Spectabit
619 3822 730 3885 natus
749 3809 906 3884 Cumale
925 3833 1152 3884 coneursum
1170 3835 1193 3884 a
1208 3810 1443 3911 praecipitio;

404 3951 490 4028 Erit
506 3977 611 4026 meus
628 3950 778 4050 gladius
793 3951 816 4023 d
833 3961 961 4024 vestro
979 3961 1089 4048 tergo
1108 3951 1148 4024 in
1160 3950 1259 4050 jugo

312 4184 315 4194 ⁸
405 4091 642 4168 Conservans
660 4092 682 4164 sl
699 4092 838 4166 damno
855 4115 981 4165 meum
1000 4091 1190 4191 populum.

403 4231 465 4305 Ne
484 4255 636 4306 cernam
656 4231 765 4304 vobis
783 4255 949 4327 unquam
969 4253 1050 4304 esse
1069 4255 1115 4305 eo
1136 4231 1306 4330 (gladio)
1326 4259 1430 4333 opus,

403 4372 499 4447 Filio
517 4372 663 4447 Momae
683 4370 876 4454 existente
894 4369 934 4445 in
953 4395 1021 4444 suo
1037 4370 1181 4444 vestitu
1201 4371 1306 4464 duro,

402 4513 556 4588 Eximio
573 4514 671 4588 duce
690 4525 929 4588 strenuorum
947 4509 1116 4584 virorum
1133 4511 1173 4586 in
1191 4515 1334 4612 proelio,

401 4655 463 4728 De
481 4679 556 4751 quo
575 4665 688 4729 erunt
706 4652 1133 4728 cantorum-carminum
1150 4655 1291 4730 laudes.

307 4899 311 4908 υ
399 4793 546 4868 Tenuia
562 4807 713 4894 spectra
729 4795 942 4896 principum
959 4795 1060 4872 haud
1079 4795 1267 4886 vivorum,
