4224 5996
421 769 458 821 v.
478 747 667 833 326-353.1
890 743 1095 820 FINGAL.
1475 748 1543 834 169

416 951 542 1071 Prope
561 995 647 1044 eum
667 981 725 1044 est
742 969 871 1068 fragor
886 969 1148 1069 procellarum.
1246 1072 1251 1080 Ι
1390 971 1535 1070 [glorie

419 1109 636 1210 Conspexit
652 1110 836 1185 Suaranus
863 1134 994 1208 regern
1014 1107 1214 1182 Morvenis
1234 1133 1283 1182 ex
1303 1109 1464 1188 adversa
1480 1138 1538 1189 re·

387 1243 390 1248 ’
417 1250 470 1324 Et
486 1250 628 1326 avertit
645 1276 798 1325 manum
816 1275 837 1324 a
854 1247 1048 1348 fugand0;

415 1391 563 1465 Torvus
581 1391 845 1465 inclinavit-se
864 1389 928 1463 ille
948 1389 989 1462 in
1007 1387 1163 1479 hastam,

414 1532 545 1606 Rubro
564 1533 677 1606 oculo
695 1556 762 1631 per
781 1556 957 1631 campum
975 1543 1134 1605 errante.

414 1673 568 1747 Tacitus
587 1686 626 1746 et
644 1673 780 1772 ingens
798 1670 875 1746 fuit
890 1670 1066 1772 princeps

413 1813 539 1887 Instar
557 1815 718 1912 querclls
737 1839 840 1889 canae
858 1813 904 1887 ad
926 1812 1124 1902 Luberem‚

415 1957 511 2042 Quae
529 1955 656 2030 amisit
672 1956 811 2030 densos
830 1976 954 2026 ramos
972 1952 1183 2050 antiquitus

412 2093 485 2168 Per
501 2091 635 2192 fulgur
650 2119 785 2194 purum
803 2092 996 2182 coelorum,

409 2234 461 2309 Et
479 2259 562 2332 quae
580 2233 791 2308 inflectitur
808 2256 920 2332 supra
939 2231 1066 2306 rivum
1085 2232 1124 2306 in
1143 2233 1257 2324 clivo,

411 2373 504 2474 Ejus
522 2399 654 2450 musco
672 2375 792 2449 instar
809 2373 936 2473 capilli
954 2385 1125 2448 sonante.

410 2514 470 2589 Sic
490 2515 601 2589 stetit
618 2540 686 2590 rex
704 2515 900 2590 fuscorum
919 2525 1125 2604 scutorum,

410 2656 546 2730 Donec
564 2655 660 2729 itum
680 2669 739 2731 est
755 2657 803 2731 ab
822 2657 888 2731 illo
907 2682 1053 2730 sursum
1072 2657 1177 2731 lente

409 2795 484 2870 Per
502 2797 654 2888 Lenam,
676 2797 785 2897 cujus
804 2795 880 2870 fuit
896 2795 1212 2895 sanguinolentus
1230 2796 1364 2872 clivus.

399 2937 543 3012 ,Effusa
560 2949 649 3038 suut
669 2937 751 3037 ejus
768 2936 887 3010 millia
904 2937 1006 3011 circa
1026 2937 1240 3038 principem
1258 2939 1339 3013 sine
1357 2943 1462 3016 mora

411 3076 707 3176 Colligeutia-se
725 3079 887 3152 obscure
907 3103 956 3151 ex
976 3077 1138 3152 adverso
1163 3077 1203 3151 iu
1220 3079 1388 3177 planitie.

457 3217 546 3292 Fuit
563 3218 696 3316 Fingal
714 3218 831 3292 instar
848 3219 949 3316 ignis
967 3219 1149 3294 coelorum

407 3357 608 3456 Effulgens
627 3359 729 3433 inter
746 3371 921 3434 strenuos
939 3359 996 3433 sui
1014 3359 1155 3460 populi,

407 3501 559 3600 Asperis
579 3501 825 3576 bellatoribus
844 3497 1012 3599 egregiis
1030 3523 1053 3572 a
1070 3511 1193 3596 tergo.

407 3641 506 3717 Cum
523 3643 698 3742 potentia
716 3641 886 3717 surrexit
901 3639 1055 3742 [erupit]
1074 3665 1153 3713 vox
1177 3664 1317 3740 magua
1327 3669 1337 3731 ;

410 3791 435 3827 “
451 3785 602 3884 Erigite
620 3809 705 3858 mea
721 3782 868 3858 vexilla
884 3805 1016 3881 supra;
1114 3849 1115 3854 ,

405 3927 625 4026 Expandite
644 3925 746 4000 eain
767 3923 987 4024 praecipitiis
1006 3922 1130 4014 Lenae,

404 4068 531 4143 Instar
547 4069 706 4142 flammae
723 4093 805 4165 quae
824 4065 995 4141 cernitur
1012 4051 1113 4140 trans
1132 4065 1293 4159 fluctus3

406 4209 461 4283 Sit
480 4235 610 4284 eorum
629 4209 776 4286 sonitus
795 4207 835 4280 in
853 4218 971 4280 vento
989 4205 1130 4282 Iemes.

406 4350 581 4450 Propago
599 4349 827 4426 torrentium
844 4347 1192 4440 fremebundorum,
1213 4373 1448 4448 magnorum,

407 4491 486 4578 Qui
504 4489 754 4564 effunduntur
770 4491 793 4562 a
809 4489 914 4562 mille
932 4487 1095 4562 collibus
1118 4487 1158 4560 in
1175 4489 1323 4580 vallem,

404 4631 630 4706 Auscultate
649 4656 717 4706 vos
734 4655 820 4704 mea
839 4629 963 4719 verba,
985 4628 1059 4703 viri
1078 4628 1224 4718 eximii,

407 4772 531 4865 Galle,
553 4771 663 4873 c‘ujus
682 4783 739 4847 est
757 4769 884 4845 valida
900 4795 1032 4846 manus
1051 4780 1090 4845 et
1108 4769 1218 4862 ensis,
