4172 5982
396 832 436 882 v.
457 803 641 886 sot-ssa.
856 807 1063 886 FINGAL.

440 1032 578 1107 Audiit
595 1032 722 1131 proles
740 1029 936 1108 Loolrliuis
954 1031 1123 1106 sonitum

390 1176 510 1250 Velut
527 1172 712 1250 torrentis
729 1171 976 1248 fremebundi
994 1171 1114 1272 gelidi
1131 1170 1293 1273 hyemis,

294 1330 297 1336 '
391 1317 587 1392 Percussit
605 1317 790 1392 Suaranus
807 1340 918 1390 suum
936 1324 1089 1389 scutum
1107 1313 1319 1406 celerrime,

388 1458 440 1533 Et
456 1458 561 1532 dixit
577 1458 656 1532 filio
673 1455 778 1547 Arni,
801 1455 866 1553 qui
885 1466 970 1530 erat
985 1479 1105 1555 prope
1125 1479 1222 1547 eum,

391 1597 559 1673 “Audio
577 1622 747 1672 murmur
764 1599 803 1672 in
821 1598 939 1672 latere
957 1595 1158 1688 montium,

386 1738 444 1814 Ut
461 1738 626 1814 culicem
642 1739 810 1839 vesperis
828 1739 980 1812 lusuum
1000 1735 1218 1824 tardorum;

385 1880 541 1955 Soboles
559 1879 688 1954 Iernes
706 1877 939 1952 ferociarum
957 1875 1076 1966 adest,

383 2019 464 2094 Aut
479 2019 607 2095 clades
625 2018 840 2094 nimborum
858 2018 897 2092 in
917 2017 1036 2116 sylva3

384 2162 455 2238 Est
472 2163 605 2238 similis
624 2161 796 2237 Gormali
815 2159 972 2250 sonitus,

381 2304 598 2401 Antequam
616 2301 784 2376 oriantur
799 2300 979 2400 procellae
994 2299 1130 2374 oceani
1148 2301 1236 2379 alte.

380 2443 543 2544 Corripe
562 2443 717 2533 clivum,
740 2441 794 2515 fili
810 2441 915 2534 Arni,
933 2441 1132 2532 velociter,

384 2583 589 2685 (Conjice)
611 2607 705 2684 cape
723 2582 905 2656 intuitum
925 2606 1037 2682 super
1054 2607 1188 2658 nemus
1206 2594 1246 2660 et
1264 2585 1443 2662 clivam.’'

430 2725 632 2802 Profectus
651 2735 710 2800 est
730 2735 770 2798 et
787 2747 960 2799 reversus
979 2723 1045 2798 ille
1063 2722 1236 2824 trepidus
1255 2741 1295 2800 et
1312 2725 1425 2817 celer,

376 2867 699 2968 Conspiciebatur
715 2864 894 2962 obliquus
913 2863 995 2965 ejus
1015 2865 1151 2942 oculus
1168 2865 1208 2940 in
1227 2864 1309 2966 ejus
1327 2865 1463 2966 capite,

377 3005 470 3108 Ejus
490 3006 607 3082 corde
625 3007 835 3108 palpitante
853 3003 901 3081 ad
921 3005 1003 3106 ejus
1023 3006 1132 3098 latus,

378 3145 430 3222 Et
446 3148 528 3248 ejus
547 3113 721 3222 sermone
740 3145 891 3238 stolido,
913 3147 1087 3248 abrupto,
1106 3146 1227 3222 tardo.

428 3289 591 3388 “Surge
609 3301 661 3378 tu,
683 3288 838 3362 domine
855 3289 1052 3379 undarum,

375 3429 691 3506 Praeatantissime
708 3426 791 3503 dux
809 3425 1005 3502 fuscorum
1022 3438 1230 3518 scutorum,

374 3570 503 3646 Video
522 3595 596 3671 ego
617 3571 759 3645 flumen
776 3567 973 3644 tuscorum
991 3568 1178 3644 montium
1196 3569 1484 3661 tumulosorum,

372 3711 500 3787 Video
518 3713 662 3812 prolem
680 3685 809 3786 lemes
827 3723 868 3784 et
884 3735 1014 3786 eorum
1030 3707 1174 3788 heroas.

374 3851 542 3926 Currus!
574 3875 667 3928 ecce
685 3877 815 3928 currus
832 3875 940 3952 asper
958 3852 1187 3928 certaminis.

372 3992 590 4068 Procedens
609 4017 720 4093 super
737 4017 911 4093 campum
929 4019 1019 4068 cunr
1038 4007 1186 4086 morte;

373 4133 516 4210 Currus
533 4135 688 4234 elegans
706 4135 823 4209 velox
842 4133 1066 4224 Cucullinis‚

371 4275 516 4350 Eximii
534 4275 602 4350 filii
619 4275 718 4350 Semi
736 4275 838 4350 duris
859 4275 1007 4352 casibus
1025 4277 1178 4352 assueti.

369 4416 439 4492 Est
453 4418 678 4492 extremitas
693 4417 775 4518 ejus
790 4417 1055 4492 se·inflectens
1067 4418 1242 4492 deorsum
1254 4417 1364 4493 velut
1377 4417 1489 4510 unda,

369 4555 445 4632 Vel
464 4559 565 4632 sicut
581 4560 721 4635 nebula
737 4559 839 4633 circa
855 4558 1043 4633 tumulum
1060 4557 1211 4658 rupium
1227 4567 1436 4650 acutarum,

369 4699 421 4776 Et
438 4701 570 4801 fulgor
586 4701 803 4802 lapillorum
821 4699 1074 4801 pretiosorum
1092 4697 1236 4774 circum

367 4841 494 4917 Instar
510 4841 646 4919 oceani
664 4843 767 4920 circa
784 4841 961 4942 cymbam
978 4841 1018 4916 in
1035 4853 1162 4917 nocte.
