4194 6006
391 767 431 854 y.
454 744 632 822 rae-ars.
846 739 1054 817 rmum„
1294 749 1298 758 ·
1439 753 1509 820 201

387 965 582 1068 Deponite
600 965 824 1040 bellatorem
842 962 993 1038 fuscum
1011 961 1081 1036 sub
1098 961 1265 1062 lapidem

288 1121 293 1134 ·
386 1105 527 1183 Procul
544 1108 591 1182 ab
609 1092 732 1182 uxore
749 1105 911 1181 honestd
927 1104 976 1179 ad
995 1101 1179 1194 Lotham3

385 1246 516 1322 Sumat
533 1247 703 1345 requiem
719 1247 784 1322 hic
804 1271 933 1321 secum
950 1245 1032 1344 ipso
1377 1244 1501 1342 [citas

384 1387 432 1462 In
450 1386 564 1462 domu
588 1389 750 1486 angustd
772 1387 853 1461 sine
872 1387 1022 1460 flamma
1037 1386 1105 1459 ubi
1123 1383 1276 1462 durabit
1292 1384 1374 1486 ejus
1392 1385 1501 1460 tetri·
1595 1443 1600 1454 .

383 1528 524 1604 Procul
542 1553 564 1602 a
583 1525 946 1604 Lotht'fremituum
970 1525 1272 1624 [fremebunda]‚

382 1669 442 1743 Ab
460 1669 555 1760 auld,
575 1667 598 1743 a
616 1669 692 1743 suis
710 1669 874 1743 strenuis
892 1667 995 1759 viris,
1016 1666 1179 1742 alaude.

380 1810 561 1884 Inveniet
579 1809 754 1884 debilitas
773 1809 853 1910 ejus
872 1833 1000 1882 arcum
1020 1807 1061 1881 in
1078 1807 1164 1882 auid
1175 1837 1186 1898 ;

377 1951 600 2026 Tentabunt
617 1950 789 2026 homines
809 1973 968 2024 enerves
986 1975 1073 2024 eum
1091 1947 1289 2040 tendere*

377 2091 470 2192 Ejus
489 2116 601 2167 canes
620 2091 787 2167 venatici
805 2091 997 2190 lugebunt
1014 2091 1054 2164 in
1071 2091 1257 2182 convalle,

375 2231 426 2306 Et
443 2231 520 2332 apri
540 2233 643 2308 circa
661 2257 754 2330 quos
774 2245 854 2306 erat
871 2231 953 2332 ejus
971 2232 1138 2307 attentio
1156 2232 1225 2307 sub
1244 2234 1394 2334 gaudio,

377 2373 535 2449 Cecidit
552 2398 685 2448 manus
704 2399 788 2472 quae
807 2385 888 2448 erat
906 2386 1069 2466 strenua,
1091 2375 1131 2448 in
1150 2374 1356 2466 conflictu;

373 2515 455 2590 Ivit
472 2527 587 2615 caput
604 2485 846 2590 dominomm
865 2540 1089 2614 magnorum
1110 2529 1196 2614 post
1212 2524 1376 2616 tergum.

421 2657 605 2732 Excitate
624 2681 760 2731 vocem
779 2667 820 2728 et
837 2680 972 2729 sonum
981 2681 1188 2748 cornuum,

369 2799 394 2874 J
398 2797 636 2873 avenes-viri
655 2797 736 2872 sine
755 2795 913 2871 defectu
930 2791 953 2868 d
970 2793 1169 2870 Morvene.

371 2939 541 3014 Redeam
558 2939 606 3014 ad
625 2939 828 3014 Suaranum
847 2937 918 3012 hac
941 2947 1068 3026 nocte,
1162 3033 1166 3042 ⁸

369 3081 421 3156 Et
438 3105 633 3155 amoveam
653 3057 770 3157 cautu
788 3079 869 3180 ejus
887 3077 1070 3152 dolorem.

369 3223 500 3314 0scar,
524 3223 650 3313 Folan,
673 3231 713 3295 et
730 3220 861 3312 Roena,

368 3362 500 3461 Ocyus
518 3361 716 3462 procedite
735 3373 838 3434 trans
856 3359 996 3436 ericam
1014 3360 1138 3462 campi
1158 3359 1295 3454 Lenae3

366 3503 414 3578 In
430 3501 560 3578 hostes
578 3501 770 3577 advertite
788 3501 941 3594 lumina,
964 3527 1047 3601 quae
1066 3515 1155 3578 sunt
1172 3503 1286 3579 valde
1304 3501 1481 3603 benigna.

363 3643 494 3734 Roena,
516 3643 582 3718 ubi
602 3649 651 3734 es,
674 3643 733 3716 vir
751 3642 933 3716 strenue?

363 3785 455 3860 Non
472 3795 553 3859 erat
571 3782 811 3859 consuetudo
830 3782 903 3857 tibi
922 3807 1004 3858 esse
1021 3786 1144 3876 tard0‚

363 3925 472 4025 Rege
489 3925 704 4025 gladiorum
725 3935 765 3999 te
784 3918 989 4000 vocan'te.”
1042 4003 1046 4010 ,

414 4073 438 4108 “
455 4065 525 4140 Est
541 4066 702 4158 Roena,”
721 4065 826 4140 dixit
843 4065 952 4144 Ulliu
972 4067 1122 4160 bardus,

364 4213 388 4250 “
407 4207 506 4283 Cum
524 4208 734 4284 simulacris
753 4209 880 4284 arduis
899 4208 1163 4302 victoriarum,

361 4347 459 4423 Cum
476 4349 666 4442 Trathale,
688 4375 781 4449 rege
802 4363 1008 4442 scutorum,

359 4487 410 4564 Et
427 4515 514 4564 cum
530 4489 739 4567 Trenmore
754 4491 944 4568 factorum
967 4517 1203 4594 magnorum.

358 4630 428 4706 Est
437 4631 593 4731 juvenis
613 4633 672 4709 vir
688 4633 842 4708 humilis
861 4634 942 4708 sine
961 4636 1088 4710 colore

356 4771 380 4846 J
384 4797 496 4848 acens
514 4797 627 4874 super
643 4775 856 4876 praecipitio
875 4775 914 4850 in
932 4775 1077 4851 Lend.''

454 4937 638 5014 ‘verbatim
654 4941 744 5001 Erunt
758 4940 885 5002 homiues
898 4941 975 5002 haud
990 4940 1137 5002 medullosi
1151 4959 1216 5001 eum
1231 4942 1386 5002 tendentes.
