<?xml version="1.0" encoding="UTF-8"?>
<!DOCTYPE html PUBLIC "-//W3C//DTD XHTML 1.0 Transitional//EN"
    "http://www.w3.org/TR/xhtml1/DTD/xhtml1-transitional.dtd">
<html xmlns="http://www.w3.org/1999/xhtml" xml:lang="en" lang="en">
 <head>
  <title>
</title>
<meta http-equiv="Content-Type" content="text/html;charset=utf-8" />
  <meta name='ocr-system' content='tesseract 3.04.00' />
  <meta name='ocr-capabilities' content='ocr_page ocr_carea ocr_par ocr_line ocrx_word'/>
</head>
<body>
  <div class='ocr_page' id='page_1' title='image "./poemsossianinor00londgoog_0156.png"; bbox 0 0 4224 5996; ppageno 0'>
   <div class='ocr_carea' id='block_1_1' title="bbox 418 784 1074 865">
    <p class='ocr_par' dir='ltr' id='par_1_1' title="bbox 418 784 1074 865">
     <span class='ocr_line' id='line_1_1' title="bbox 418 784 1074 865; baseline -0.008 -1"><span class='ocrx_word' id='word_1_1' title='bbox 418 813 455 865; x_wconf 86' lang='lat' dir='ltr'>v.</span> <span class='ocrx_word' id='word_1_2' title='bbox 476 794 606 864; x_wconf 67' lang='lat' dir='ltr'>les-45.</span> <span class='ocrx_word' id='word_1_3' title='bbox 868 784 1074 862; x_wconf 81' lang='lat' dir='ltr'><strong>FINGAL</strong></span> 
     </span>
    </p>
   </div>
   <div class='ocr_carea' id='block_1_2' title="bbox 351 1006 1530 4905">
    <p class='ocr_par' dir='ltr' id='par_1_2' title="bbox 351 1006 1530 3918">
     <span class='ocr_line' id='line_1_2' title="bbox 417 1006 1063 1107; baseline -0.006 -23"><span class='ocrx_word' id='word_1_4' title='bbox 417 1007 521 1084; x_wconf 86' lang='lat' dir='ltr'>Nata</span> <span class='ocrx_word' id='word_1_5' title='bbox 537 1009 688 1084; x_wconf 90' lang='lat' dir='ltr'>Branno</span> <span class='ocrx_word' id='word_1_6' title='bbox 707 1006 874 1107; x_wconf 83' lang='lat' dir='ltr'>pectoris</span> <span class='ocrx_word' id='word_1_7' title='bbox 893 1006 1063 1080; x_wconf 83' lang='lat' dir='ltr'>candidi.</span> 
     </span>
     <span class='ocr_line' id='line_1_3' title="bbox 417 1145 1212 1250; baseline -0.008 -26"><span class='ocrx_word' id='word_1_8' title='bbox 417 1149 509 1250; x_wconf 86' lang='lat' dir='ltr'>Ejus</span> <span class='ocrx_word' id='word_1_9' title='bbox 527 1148 549 1223; x_wconf 77' lang='grc' dir='ltr'>ὲ</span> <span class='ocrx_word' id='word_1_10' title='bbox 566 1161 678 1248; x_wconf 88' lang='lat' dir='ltr'>tergo</span> <span class='ocrx_word' id='word_1_11' title='bbox 695 1147 804 1223; x_wconf 88' lang='lat' dir='ltr'>fuere</span> <span class='ocrx_word' id='word_1_12' title='bbox 820 1151 841 1194; x_wconf 79' lang='lat'><em>*</em></span> <span class='ocrx_word' id='word_1_13' title='bbox 860 1147 963 1221; x_wconf 89' lang='lat' dir='ltr'>mille</span> <span class='ocrx_word' id='word_1_14' title='bbox 986 1145 1212 1232; x_wconf 85' lang='lat' dir='ltr'>bellatores3</span> 
     </span>
     <span class='ocr_line' id='line_1_4' title="bbox 417 1285 1403 1365; baseline -0.007 0"><span class='ocrx_word' id='word_1_15' title='bbox 417 1291 527 1365; x_wconf 89' lang='lat' dir='ltr'>Mille</span> <span class='ocrx_word' id='word_1_16' title='bbox 548 1290 796 1365; x_wconf 84' lang='lat' dir='ltr'>bellatoribus</span> <span class='ocrx_word' id='word_1_17' title='bbox 814 1285 1006 1364; x_wconf 89' lang='lat' dir='ltr'>recusavit</span> <span class='ocrx_word' id='word_1_18' title='bbox 1023 1286 1088 1360; x_wconf 87' lang='lat' dir='ltr'>illa</span> <span class='ocrx_word' id='word_1_19' title='bbox 1105 1309 1209 1359; x_wconf 89' lang='lat' dir='ltr'>suam</span> <span class='ocrx_word' id='word_1_20' title='bbox 1229 1308 1403 1358; x_wconf 84' lang='lat' dir='ltr'>manum:</span> 
     </span>
     <span class='ocr_line' id='line_1_5' title="bbox 407 1409 1413 1530; baseline -0.005 -25"><span class='ocrx_word' id='word_1_21' title='bbox 407 1409 535 1505; x_wconf 79' lang='lat' dir='ltr'>&#39;Positi</span> <span class='ocrx_word' id='word_1_22' title='bbox 553 1428 708 1506; x_wconf 88' lang='lat' dir='ltr'>fuerunt</span> <span class='ocrx_word' id='word_1_23' title='bbox 721 1431 884 1530; x_wconf 88' lang='lat' dir='ltr'>juvenes</span> <span class='ocrx_word' id='word_1_24' title='bbox 902 1429 1115 1528; x_wconf 87' lang='lat' dir='ltr'>gladiorum</span> <span class='ocrx_word' id='word_1_25' title='bbox 1133 1413 1219 1527; x_wconf 89' lang='lat' dir='ltr'>post</span> <span class='ocrx_word' id='word_1_26' title='bbox 1237 1437 1413 1525; x_wconf 82' lang='lat' dir='ltr'>tergum3</span> 
     </span>
     <span class='ocr_line' id='line_1_6' title="bbox 417 1567 1206 1672; baseline -0.005 -27"><span class='ocrx_word' id='word_1_27' title='bbox 417 1571 614 1646; x_wconf 88' lang='lat' dir='ltr'>Pulchrior</span> <span class='ocrx_word' id='word_1_28' title='bbox 632 1571 672 1644; x_wconf 92' lang='lat' dir='ltr'>in</span> <span class='ocrx_word' id='word_1_29' title='bbox 694 1573 774 1672; x_wconf 90' lang='lat' dir='ltr'>ejus</span> <span class='ocrx_word' id='word_1_30' title='bbox 791 1571 904 1646; x_wconf 91' lang='lat' dir='ltr'>oculo</span> <span class='ocrx_word' id='word_1_31' title='bbox 921 1569 997 1644; x_wconf 89' lang='lat' dir='ltr'>fuit</span> <span class='ocrx_word' id='word_1_32' title='bbox 1015 1567 1206 1642; x_wconf 86' lang='lat' dir='ltr'>Ossianus.</span> 
     </span>
     <span class='ocr_line' id='line_1_7' title="bbox 351 1710 1006 1814; baseline -0.012 -22"><span class='ocrx_word' id='word_1_33' title='bbox 351 1761 354 1774; x_wconf 90' lang='lat'>·</span> <span class='ocrx_word' id='word_1_34' title='bbox 466 1713 527 1791; x_wconf 93' lang='lat' dir='ltr'>Ivi</span> <span class='ocrx_word' id='word_1_35' title='bbox 546 1739 618 1814; x_wconf 88' lang='lat' dir='ltr'>ego</span> <span class='ocrx_word' id='word_1_36' title='bbox 636 1711 799 1813; x_wconf 89' lang='lat' dir='ltr'>petitum</span> <span class='ocrx_word' id='word_1_37' title='bbox 816 1710 1006 1808; x_wconf 86' lang='lat' dir='ltr'>virginem</span> 
     </span>
     <span class='ocr_line' id='line_1_8' title="bbox 417 1847 1471 1952; baseline -0.004 -25"><span class='ocrx_word' id='word_1_38' title='bbox 417 1852 477 1927; x_wconf 88' lang='lat' dir='ltr'>Ad</span> <span class='ocrx_word' id='word_1_39' title='bbox 498 1853 641 1952; x_wconf 86' lang='lat' dir='ltr'>Legam</span> <span class='ocrx_word' id='word_1_40' title='bbox 658 1873 846 1949; x_wconf 84' lang='lat' dir='ltr'>magnam,</span> <span class='ocrx_word' id='word_1_41' title='bbox 868 1849 977 1949; x_wconf 89' lang='lat' dir='ltr'>cujus</span> <span class='ocrx_word' id='word_1_42' title='bbox 997 1859 1056 1923; x_wconf 90' lang='lat' dir='ltr'>est</span> <span class='ocrx_word' id='word_1_43' title='bbox 1066 1847 1339 1925; x_wconf 82' lang='lat' dir='ltr'>‘obscurissima</span> <span class='ocrx_word' id='word_1_44' title='bbox 1357 1849 1471 1924; x_wconf 91' lang='lat' dir='ltr'>unda.</span> 
     </span>
     <span class='ocr_line' id='line_1_9' title="bbox 417 1987 1527 2086; baseline -0.005 -18"><span class='ocrx_word' id='word_1_45' title='bbox 417 1992 634 2068; x_wconf 83' lang='lat' dir='ltr'><strong>Duodecim</strong></span> <span class='ocrx_word' id='word_1_46' title='bbox 652 1991 854 2068; x_wconf 82' lang='lat' dir='ltr'>bellatores</span> <span class='ocrx_word' id='word_1_47' title='bbox 872 1989 979 2064; x_wconf 83' lang='lat' dir='ltr'>fuere</span> <span class='ocrx_word' id='word_1_48' title='bbox 995 2013 1056 2062; x_wconf 89' lang='lat' dir='ltr'>me</span> <span class='ocrx_word' id='word_1_49' title='bbox 1075 2013 1201 2064; x_wconf 90' lang='lat' dir='ltr'>coram</span> <span class='ocrx_word' id='word_1_50' title='bbox 1218 1987 1391 2085; x_wconf 90' lang='lat' dir='ltr'>[adfuere</span> <span class='ocrx_word' id='word_1_51' title='bbox 1409 1987 1527 2086; x_wconf 75' lang='lat' dir='ltr'>mihil,</span> 
     </span>
     <span class='ocr_line' id='line_1_10' title="bbox 417 2127 1393 2230; baseline -0.003 -23"><span class='ocrx_word' id='word_1_52' title='bbox 417 2134 552 2207; x_wconf 89' lang='lat' dir='ltr'>Semen</span> <span class='ocrx_word' id='word_1_53' title='bbox 570 2131 768 2207; x_wconf 88' lang='lat' dir='ltr'>Morvenis</span> <span class='ocrx_word' id='word_1_54' title='bbox 785 2129 1012 2205; x_wconf 86' lang='lat' dir='ltr'>torrentium</span> <span class='ocrx_word' id='word_1_55' title='bbox 1030 2140 1071 2204; x_wconf 90' lang='lat' dir='ltr'>et</span> <span class='ocrx_word' id='word_1_56' title='bbox 1087 2127 1393 2230; x_wconf 77' lang='lat' dir='ltr'>precipitiorum.</span> 
     </span>
     <span class='ocr_line' id='line_1_11' title="bbox 416 2267 1527 2370; baseline -0.002 -22"><span class='ocrx_word' id='word_1_57' title='bbox 416 2273 616 2348; x_wconf 87' lang='lat' dir='ltr'>Venerunt</span> <span class='ocrx_word' id='word_1_58' title='bbox 632 2272 679 2346; x_wconf 93' lang='lat' dir='ltr'>ad</span> <span class='ocrx_word' id='word_1_59' title='bbox 698 2273 887 2348; x_wconf 76' lang='lat' dir='ltr'>Brennum</span> <span class='ocrx_word' id='word_1_60' title='bbox 905 2270 1074 2362; x_wconf 74' lang='lat' dir='ltr'>advena,</span> <span class='ocrx_word' id='word_1_61' title='bbox 1286 2267 1292 2280; x_wconf 76' lang='grc'><strong>“</strong></span> <span class='ocrx_word' id='word_1_62' title='bbox 1333 2283 1338 2299; x_wconf 83' lang='grc'><em>’</em></span> <span class='ocrx_word' id='word_1_63' title='bbox 1390 2273 1527 2370; x_wconf 90' lang='lat' dir='ltr'>[tium].</span> 
     </span>
     <span class='ocr_line' id='line_1_12' title="bbox 418 2409 1530 2510; baseline -0.002 -22"><span class='ocrx_word' id='word_1_64' title='bbox 418 2414 605 2488; x_wconf 78' lang='lat' dir='ltr'>Brennum</span> <span class='ocrx_word' id='word_1_65' title='bbox 625 2411 823 2488; x_wconf 89' lang='lat' dir='ltr'>loricarum</span> <span class='ocrx_word' id='word_1_66' title='bbox 847 2411 888 2486; x_wconf 91' lang='lat' dir='ltr'>in</span> <span class='ocrx_word' id='word_1_67' title='bbox 906 2411 1043 2508; x_wconf 86' lang='lat' dir='ltr'>quibus</span> <span class='ocrx_word' id='word_1_68' title='bbox 1065 2409 1142 2485; x_wconf 89' lang='lat' dir='ltr'>fuit</span> <span class='ocrx_word' id='word_1_69' title='bbox 1166 2410 1311 2487; x_wconf 89' lang='lat' dir='ltr'>sonitus</span> <span class='ocrx_word' id='word_1_70' title='bbox 1337 2413 1530 2510; x_wconf 90' lang='lat' dir='ltr'>[resonan-</span> 
     </span>
     <span class='ocr_line' id='line_1_13' title="bbox 421 2551 1138 2647; baseline -0.004 -18"><span class='ocrx_word' id='word_1_71' title='bbox 421 2561 446 2595; x_wconf 91' lang='lat'><strong>“</strong></span> <span class='ocrx_word' id='word_1_72' title='bbox 462 2552 617 2647; x_wconf 88' lang='lat' dir='ltr'>Unde‚&#39;&#39;</span> <span class='ocrx_word' id='word_1_73' title='bbox 636 2551 739 2626; x_wconf 87' lang='lat' dir='ltr'>dixit</span> <span class='ocrx_word' id='word_1_74' title='bbox 757 2551 838 2627; x_wconf 85' lang='lat' dir='ltr'>dux</span> <span class='ocrx_word' id='word_1_75' title='bbox 857 2552 1138 2645; x_wconf 77' lang='lat' dir='ltr'>munificentiae,</span> 
     </span>
     <span class='ocr_line' id='line_1_14' title="bbox 421 2691 1407 2794; baseline 0 -24"><span class='ocrx_word' id='word_1_76' title='bbox 421 2701 445 2737; x_wconf 88' lang='lat'><strong>“</strong></span> <span class='ocrx_word' id='word_1_77' title='bbox 461 2695 485 2770; x_wconf 93' lang='lat' dir='ltr'>J</span> <span class='ocrx_word' id='word_1_78' title='bbox 488 2719 630 2770; x_wconf 89' lang='lat' dir='ltr'>uvenes</span> <span class='ocrx_word' id='word_1_79' title='bbox 649 2692 720 2768; x_wconf 88' lang='lat' dir='ltr'>viri</span> <span class='ocrx_word' id='word_1_80' title='bbox 738 2694 807 2767; x_wconf 88' lang='lat' dir='ltr'>sub</span> <span class='ocrx_word' id='word_1_81' title='bbox 826 2693 939 2768; x_wconf 87' lang='lat' dir='ltr'>armis</span> <span class='ocrx_word' id='word_1_82' title='bbox 958 2707 998 2768; x_wconf 90' lang='lat' dir='ltr'>et</span> <span class='ocrx_word' id='word_1_83' title='bbox 1017 2695 1087 2768; x_wconf 90' lang='lat' dir='ltr'>sub</span> <span class='ocrx_word' id='word_1_84' title='bbox 1106 2694 1202 2769; x_wconf 87' lang='lat' dir='ltr'>dura</span> <span class='ocrx_word' id='word_1_85' title='bbox 1218 2691 1407 2794; x_wconf 85' lang='lat' dir='ltr'>chalybe?</span> 
     </span>
     <span class='ocr_line' id='line_1_15' title="bbox 417 2833 1336 2934; baseline 0.004 -26"><span class='ocrx_word' id='word_1_86' title='bbox 417 2835 507 2909; x_wconf 91' lang='lat' dir='ltr'>Non</span> <span class='ocrx_word' id='word_1_87' title='bbox 525 2846 584 2909; x_wconf 90' lang='lat' dir='ltr'>est</span> <span class='ocrx_word' id='word_1_88' title='bbox 601 2833 713 2909; x_wconf 84' lang='lat' dir='ltr'>facile</span> <span class='ocrx_word' id='word_1_89' title='bbox 731 2859 924 2910; x_wconf 80' lang='lat' dir='ltr'>assensum</span> <span class='ocrx_word' id='word_1_90' title='bbox 941 2836 1116 2910; x_wconf 91' lang='lat' dir='ltr'>obtinere</span> <span class='ocrx_word' id='word_1_91' title='bbox 1133 2834 1155 2909; x_wconf 77' lang='grc' dir='ltr'>ὲ</span> <span class='ocrx_word' id='word_1_92' title='bbox 1173 2835 1336 2934; x_wconf 87' lang='lat' dir='ltr'>virgine,</span> 
     </span>
     <span class='ocr_line' id='line_1_16' title="bbox 418 2975 1526 3077; baseline 0.004 -29"><span class='ocrx_word' id='word_1_93' title='bbox 418 2975 515 3063; x_wconf 83' lang='lat' dir='ltr'>Quae</span> <span class='ocrx_word' id='word_1_94' title='bbox 533 2977 724 3051; x_wconf 86' lang='lat' dir='ltr'>recusavit</span> <span class='ocrx_word' id='word_1_95' title='bbox 736 2975 925 3077; x_wconf 91' lang='lat' dir='ltr'>principes</span> <span class='ocrx_word' id='word_1_96' title='bbox 940 2977 1069 3052; x_wconf 86' lang='lat' dir='ltr'>Iernes</span> <span class='ocrx_word' id='word_1_97' title='bbox 1084 2979 1306 3053; x_wconf 85' lang='lat' dir='ltr'>caerulorum</span> <span class='ocrx_word' id='word_1_98' title='bbox 1319 2977 1526 3053; x_wconf 88' lang='lat' dir='ltr'>oculorum.</span> 
     </span>
     <span class='ocr_line' id='line_1_17' title="bbox 420 3104 1287 3218; baseline 0.002 -28"><span class='ocrx_word' id='word_1_99' title='bbox 420 3116 575 3192; x_wconf 88' lang='lat' dir='ltr'>Centies</span> <span class='ocrx_word' id='word_1_100' title='bbox 595 3117 744 3191; x_wconf 90' lang='lat' dir='ltr'>dicatur</span> <span class='ocrx_word' id='word_1_101' title='bbox 761 3118 859 3191; x_wconf 87' lang='lat' dir='ltr'>salus</span> <span class='ocrx_word' id='word_1_102' title='bbox 878 3117 967 3192; x_wconf 94' lang='lat' dir='ltr'>duci</span> <span class='ocrx_word' id='word_1_103' title='bbox 983 3119 1124 3218; x_wconf 88' lang='lat' dir='ltr'>populi,</span> <span class='ocrx_word' id='word_1_104' title='bbox 1281 3104 1287 3113; x_wconf 42' lang='lat'>¹</span> 
     </span>
     <span class='ocr_line' id='line_1_18' title="bbox 417 3255 1196 3356; baseline 0 -24"><span class='ocrx_word' id='word_1_105' title='bbox 417 3257 511 3332; x_wconf 86' lang='lat' dir='ltr'>Filio</span> <span class='ocrx_word' id='word_1_106' title='bbox 529 3257 706 3355; x_wconf 87' lang='lat' dir='ltr'>Fingalis‚</span> <span class='ocrx_word' id='word_1_107' title='bbox 729 3257 838 3356; x_wconf 88' lang='lat' dir='ltr'>cujus</span> <span class='ocrx_word' id='word_1_108' title='bbox 857 3270 914 3330; x_wconf 88' lang='lat' dir='ltr'>est</span> <span class='ocrx_word' id='word_1_109' title='bbox 931 3281 1071 3354; x_wconf 85' lang='lat' dir='ltr'>magna</span> <span class='ocrx_word' id='word_1_110' title='bbox 1087 3255 1196 3332; x_wconf 88' lang='lat' dir='ltr'>fama.</span> 
     </span>
     <span class='ocr_line' id='line_1_19' title="bbox 416 3395 1246 3498; baseline -0.004 -25"><span class='ocrx_word' id='word_1_111' title='bbox 416 3398 485 3473; x_wconf 88' lang='lat' dir='ltr'>Est</span> <span class='ocrx_word' id='word_1_112' title='bbox 503 3397 613 3471; x_wconf 88' lang='lat' dir='ltr'>beata</span> <span class='ocrx_word' id='word_1_113' title='bbox 630 3395 740 3496; x_wconf 89' lang='lat' dir='ltr'>virgo</span> <span class='ocrx_word' id='word_1_114' title='bbox 760 3421 842 3493; x_wconf 85' lang='lat' dir='ltr'>quae</span> <span class='ocrx_word' id='word_1_115' title='bbox 861 3395 1067 3470; x_wconf 91' lang='lat' dir='ltr'>assentitur</span> <span class='ocrx_word' id='word_1_116' title='bbox 1084 3397 1157 3471; x_wconf 87' lang='lat' dir='ltr'>tibi</span> <span class='ocrx_word' id='word_1_117' title='bbox 1175 3397 1246 3498; x_wconf 91' lang='lat' dir='ltr'>ipsi</span> 
     </span>
     <span class='ocr_line' id='line_1_20' title="bbox 418 3535 1204 3630; baseline 0.003 -18"><span class='ocrx_word' id='word_1_118' title='bbox 418 3539 540 3612; x_wconf 90' lang='lat' dir='ltr'>Heros</span> <span class='ocrx_word' id='word_1_119' title='bbox 559 3548 710 3610; x_wconf 89' lang='lat' dir='ltr'>strenue</span> <span class='ocrx_word' id='word_1_120' title='bbox 727 3535 938 3610; x_wconf 87' lang='lat' dir='ltr'>facinorum</span> <span class='ocrx_word' id='word_1_121' title='bbox 956 3535 1204 3630; x_wconf 80' lang='lat' dir='ltr'>eximiorum3</span> 
     </span>
     <span class='ocr_line' id='line_1_21' title="bbox 416 3675 1089 3770; baseline 0.004 -19"><span class='ocrx_word' id='word_1_122' title='bbox 416 3675 498 3751; x_wconf 89' lang='lat' dir='ltr'>Etsi</span> <span class='ocrx_word' id='word_1_123' title='bbox 518 3691 644 3751; x_wconf 90' lang='lat' dir='ltr'>essent</span> <span class='ocrx_word' id='word_1_124' title='bbox 661 3677 752 3752; x_wconf 92' lang='lat' dir='ltr'>mihi</span> <span class='ocrx_word' id='word_1_125' title='bbox 770 3678 855 3752; x_wconf 88' lang='lat' dir='ltr'>filiae</span> <span class='ocrx_word' id='word_1_126' title='bbox 874 3677 1089 3770; x_wconf 89' lang='lat' dir='ltr'>duodecim,</span> 
     </span>
     <span class='ocr_line' id='line_1_22' title="bbox 415 3817 1202 3918; baseline 0.005 -27"><span class='ocrx_word' id='word_1_127' title='bbox 415 3817 526 3892; x_wconf 87' lang='lat' dir='ltr'>Esset</span> <span class='ocrx_word' id='word_1_128' title='bbox 543 3819 613 3892; x_wconf 90' lang='lat' dir='ltr'>tibi</span> <span class='ocrx_word' id='word_1_129' title='bbox 632 3831 697 3893; x_wconf 87' lang='lat' dir='ltr'>tua</span> <span class='ocrx_word' id='word_1_130' title='bbox 715 3819 832 3917; x_wconf 92' lang='lat' dir='ltr'>optio,</span> <span class='ocrx_word' id='word_1_131' title='bbox 854 3819 1202 3918; x_wconf 71' lang='lat' dir='ltr'>prestantissime.”</span> 
     </span>
    </p>

    <p class='ocr_par' dir='ltr' id='par_1_3' title="bbox 416 3959 1215 4460">
     <span class='ocr_line' id='line_1_23' title="bbox 464 3959 1037 4060; baseline 0 -28"><span class='ocrx_word' id='word_1_132' title='bbox 464 3959 625 4060; x_wconf 86' lang='lat' dir='ltr'>Aperuit</span> <span class='ocrx_word' id='word_1_133' title='bbox 642 3960 705 4035; x_wconf 90' lang='lat' dir='ltr'>ille</span> <span class='ocrx_word' id='word_1_134' title='bbox 724 3962 846 4034; x_wconf 87' lang='lat' dir='ltr'>aulam</span> <span class='ocrx_word' id='word_1_135' title='bbox 864 3959 1037 4059; x_wconf 87' lang='lat' dir='ltr'>virginis,</span> 
     </span>
     <span class='ocr_line' id='line_1_24' title="bbox 417 4098 1168 4201; baseline 0.003 -26"><span class='ocrx_word' id='word_1_136' title='bbox 417 4098 635 4175; x_wconf 88' lang='lat' dir='ltr'>Evirallinis</span> <span class='ocrx_word' id='word_1_137' title='bbox 653 4100 873 4201; x_wconf 89' lang='lat' dir='ltr'>capillorum</span> <span class='ocrx_word' id='word_1_138' title='bbox 891 4099 1168 4178; x_wconf 86' lang='lat' dir='ltr'>subfuscorum.</span> 
     </span>
     <span class='ocr_line' id='line_1_25' title="bbox 418 4239 1081 4341; baseline 0.003 -27"><span class='ocrx_word' id='word_1_139' title='bbox 418 4239 564 4314; x_wconf 86' lang='lat' dir='ltr'>Oborta</span> <span class='ocrx_word' id='word_1_140' title='bbox 582 4253 640 4314; x_wconf 90' lang='lat' dir='ltr'>est</span> <span class='ocrx_word' id='word_1_141' title='bbox 657 4239 791 4314; x_wconf 87' lang='lat' dir='ltr'>laetitia</span> <span class='ocrx_word' id='word_1_142' title='bbox 807 4240 932 4314; x_wconf 87' lang='lat' dir='ltr'>animo</span> <span class='ocrx_word' id='word_1_143' title='bbox 950 4242 1081 4341; x_wconf 92' lang='lat' dir='ltr'>populi</span> 
     </span>
     <span class='ocr_line' id='line_1_26' title="bbox 416 4379 1215 4460; baseline 0.008 -7"><span class='ocrx_word' id='word_1_144' title='bbox 416 4379 592 4455; x_wconf 89' lang='lat' dir='ltr'>Dicentis</span> <span class='ocrx_word' id='word_1_145' title='bbox 611 4381 772 4454; x_wconf 85' lang='lat' dir='ltr'>salutem</span> <span class='ocrx_word' id='word_1_146' title='bbox 790 4381 875 4455; x_wconf 85' lang='lat' dir='ltr'>liliae</span> <span class='ocrx_word' id='word_1_147' title='bbox 893 4380 1032 4457; x_wconf 84' lang='lat' dir='ltr'>Branni</span> <span class='ocrx_word' id='word_1_148' title='bbox 1050 4383 1215 4460; x_wconf 89' lang='lat' dir='ltr'>navium.</span> 
     </span>
    </p>

    <p class='ocr_par' dir='ltr' id='par_1_4' title="bbox 417 4487 1489 4905">
     <span class='ocr_line' id='line_1_27' title="bbox 466 4487 1291 4621; baseline 0.008 -27"><span class='ocrx_word' id='word_1_149' title='bbox 466 4521 689 4596; x_wconf 74' lang='lat' dir='ltr'>Sublimem</span> <span class='ocrx_word' id='word_1_150' title='bbox 708 4534 1043 4621; x_wconf 89' lang='lat' dir='ltr'>campo-montano</span> <span class='ocrx_word' id='word_1_151' title='bbox 1062 4527 1168 4600; x_wconf 90' lang='lat' dir='ltr'>cervi</span> <span class='ocrx_word' id='word_1_152' title='bbox 1286 4487 1291 4494; x_wconf 25' lang='grc' dir='ltr'>Ι</span> 
     </span>
     <span class='ocr_line' id='line_1_28' title="bbox 418 4659 1489 4768; baseline 0.006 -34"><span class='ocrx_word' id='word_1_153' title='bbox 418 4659 506 4734; x_wconf 87' lang='lat' dir='ltr'>Fuit</span> <span class='ocrx_word' id='word_1_154' title='bbox 521 4661 724 4762; x_wconf 87' lang='lat' dir='ltr'>[apparuit]</span> <span class='ocrx_word' id='word_1_155' title='bbox 742 4662 960 4755; x_wconf 81' lang='lat' dir='ltr'>cormacus,</span> <span class='ocrx_word' id='word_1_156' title='bbox 982 4663 1063 4762; x_wconf 91' lang='lat' dir='ltr'>ipse</span> <span class='ocrx_word' id='word_1_157' title='bbox 1082 4677 1122 4738; x_wconf 91' lang='lat' dir='ltr'>et</span> <span class='ocrx_word' id='word_1_158' title='bbox 1140 4667 1221 4765; x_wconf 90' lang='lat' dir='ltr'>ejus</span> <span class='ocrx_word' id='word_1_159' title='bbox 1239 4667 1411 4768; x_wconf 82' lang='lat' dir='ltr'>populus,</span> <span class='ocrx_word' id='word_1_160' title='bbox 1484 4751 1489 4762; x_wconf 33' lang='lat'>¹</span> 
     </span>
     <span class='ocr_line' id='line_1_29' title="bbox 417 4797 1134 4905; baseline 0.011 -32"><span class='ocrx_word' id='word_1_161' title='bbox 417 4797 521 4874; x_wconf 91' lang='lat' dir='ltr'>Octo</span> <span class='ocrx_word' id='word_1_162' title='bbox 540 4799 742 4876; x_wconf 84' lang='lat' dir='ltr'>bellatores</span> <span class='ocrx_word' id='word_1_163' title='bbox 760 4803 941 4904; x_wconf 89' lang='lat' dir='ltr'>principis</span> <span class='ocrx_word' id='word_1_164' title='bbox 960 4806 1000 4878; x_wconf 91' lang='lat' dir='ltr'>in</span> <span class='ocrx_word' id='word_1_165' title='bbox 1012 4806 1134 4905; x_wconf 79' lang='lat' dir='ltr'>jug03</span> 
     </span>
    </p>
   </div>
   <div class='ocr_carea' id='block_1_3' title="bbox 811 4969 1112 5032">
    <p class='ocr_par' dir='ltr' id='par_1_5' title="bbox 811 4969 1112 5032">
     <span class='ocr_line' id='line_1_30' title="bbox 811 4969 1112 5032; baseline -0.003 0"><span class='ocrx_word' id='word_1_166' title='bbox 811 5027 814 5032; x_wconf 90' lang='lat'><em>.</em></span> <span class='ocrx_word' id='word_1_167' title='bbox 827 4969 844 5004; x_wconf 73' lang='lat'>⁸</span> <span class='ocrx_word' id='word_1_168' title='bbox 855 4970 876 5032; x_wconf 92' lang='lat' dir='ltr'>i.</span> <span class='ocrx_word' id='word_1_169' title='bbox 886 4989 911 5030; x_wconf 87' lang='lat' dir='ltr'>e.</span> <span class='ocrx_word' id='word_1_170' title='bbox 925 4969 1112 5031; x_wconf 72' lang='lat' dir='ltr'>solicitabsnt.</span> 
     </span>
    </p>
   </div>
   <div class='ocr_carea' id='block_1_4' title="bbox 0 0 2116 5988">
    <p class='ocr_par' dir='ltr' id='par_1_6' title="bbox 0 0 2116 5988">
     <span class='ocr_line' id='line_1_31' title="bbox 0 0 2116 5988; baseline 0 0"><span class='ocrx_word' id='word_1_171' title='bbox 0 0 2116 5988; x_wconf 95' lang='lat' dir='ltr'> </span> 
     </span>
    </p>
   </div>
  </div>
 </body>
</html>
