4172 5982
311 707 314 714 Δ
364 781 400 830 v.
417 763 601 840 ror-ser.
835 757 1042 832 FrNGAL.

357 976 592 1056 Moveantur
608 979 663 1054 illi
681 980 785 1055 circa
801 981 928 1062 meum
947 998 1099 1057 currum
1117 982 1325 1083 ingentem,

356 1118 547 1219 Aspiciam
566 1147 696 1197 eorum
712 1121 886 1198 umbram
904 1147 1017 1223 super
1034 1123 1156 1199 nubes
1174 1124 1357 1217 vallium3

356 1259 443 1336 Erit
461 1287 566 1337 meus
584 1263 730 1338 animus
748 1265 789 1338 in
804 1264 990 1342 conflictu
1007 1277 1192 1358 strenuus,

357 1401 483 1478 Instar
499 1405 663 1480 tonitrus
681 1408 865 1482 coelorum
882 1431 968 1482 mea
984 1429 1127 1484 manus.
1245 1429 1251 1442 ·

357 1544 450 1620 Esto
468 1558 512 1622 tu
529 1559 574 1622 ut
590 1547 717 1622 radius
734 1547 844 1636 lunae,
867 1547 1020 1638 Murus,

359 1687 524 1774 Quando
541 1701 763 1791 prospectus
781 1689 857 1764 mei
875 1688 977 1762 oculi
997 1688 1071 1763 erit
1088 1688 1227 1778 brevis,

358 1827 524 1914 Quando
541 1829 760 1928 requiescet
775 1853 881 1904 meus
896 1829 1044 1904 animus
1062 1829 1113 1904 ¹de
1129 1851 1243 1920 novo,

356 1970 407 2046 Et
423 1972 595 2047 subsidet
611 1971 789 2046 fremitus
807 1972 1040 2073 proeliorum.

356 2113 630 2213 Progredietur
647 2139 806 2214 quaeque
825 2115 970 2205 tribus3
998 2111 1265 2214 progrediatur
1281 2109 1473 2188 certamen

355 2255 548 2356 Expedite
566 2281 748 2356 magnum
767 2279 918 2331 currum
936 2253 1106 2348 heroum,

357 2399 517 2474 Colloca
533 2399 639 2474 binos
656 2397 782 2473 hastas
799 2396 847 2472 ad
866 2417 990 2472 meum
1008 2397 1108 2472 latus
1126 2397 1225 2488 und;

356 2540 477 2614 Eleva
492 2551 581 2614 ante
598 2563 659 2613 me
676 2539 751 2613 rite
763 2551 928 2613 'scumm

356 2680 566 2779 Sequimini
584 2678 836 2756 subsaltantes
855 2703 973 2779 equos
991 2703 1058 2780 per
1075 2703 1262 2780 campum,

356 2819 426 2894 Est
442 2845 571 2894 eorum
590 2844 721 2896 cursus
739 2822 907 2922 apprime
925 2821 1115 2896 animosus
1134 2833 1175 2896 et
1193 2821 1324 2900 velox.

357 2960 414 3036 Sit
430 2985 536 3038 meus
554 2961 700 3036 animus
720 2959 868 3036 validus
886 2987 962 3063 prae
979 2962 1134 3062 gaudio,

357 3103 523 3190 Quando
541 3103 664 3178 oritur
681 3113 877 3180 certamen
895 3102 1188 3178 circumcircu’'

406 3245 514 3320 Sicut
531 3217 745 3320 effunditur
761 3244 903 3318 flumen
920 3267 1137 3344 spumosum
1155 3266 1293 3318 canum

355 3385 389 3461 E
406 3385 534 3462 fronte
552 3385 679 3462 ferreo
698 3386 859 3461 Cromlae
878 3385 1053 3476 excelsae,

356 3528 407 3604 Et
421 3528 567 3604 tonitru
584 3538 760 3629 peragrat
776 3526 931 3616 olivum,

356 3667 407 3742 Et
425 3667 533 3742 fusca
550 3693 629 3742 nox
648 3679 707 3741 est
724 3689 837 3766 super
854 3663 1014 3739 dimidio
1031 3687 1230 3738 sarcarum
1249 3665 1406 3786 molium

356 3808 408 3883 Et
424 3809 587 3882 lemures
605 3806 725 3908 gelidi
743 3805 880 3882 coloris
900 3807 985 3880 cani

356 3949 647 4050 Prospectautes
666 3949 713 4024 ab
732 3947 979 4022 extremitate
997 3946 1187 4039 imbrium,
1332 3949 1476 4045 [velox,

356 4091 478 4188 AEque
506 4090 724 4181 vehemens,
761 4114 868 4188 aeque
900 4089 1050 4188 ingens,
1085 4113 1192 4189 reque
1224 4089 1349 4184 ferox,
1381 4115 1488 4190 aeque

357 4199 550 4307 Processit
567 4231 688 4306 virtus
706 4231 848 4307 sobolis
866 4231 1007 4323 Iernes,

358 4375 481 4465 Duce,
504 4375 624 4450 instar
640 4372 908 4472 ingentis-apri
926 4370 1071 4462 oceani,

356 4515 550 4590 Trahente
568 4513 728 4614 frigidas
746 4514 867 4590 undas
884 4512 907 4587 d
924 4527 1035 4613 tergo
1055 4513 1270 4615 (pone-se),

359 4657 410 4731 Et
428 4657 653 4732 effundente
671 4657 772 4734 vires
789 4668 834 4731 ut
851 4657 1013 4732 fluctus:

360 4797 435 4873 Sub
454 4799 536 4898 ejus
555 4823 668 4874 cursu
686 4799 920 4875 contremuit
937 4799 1056 4876 littus.
