4172 5982
369 829 405 882 v.
432 812 560 882 18-45.
812 803 1018 882 FINGAL.

360 1027 408 1102 In
425 1035 583 1128 pectore
600 1037 684 1102 erat
699 1015 836 1102 vulnus
852 1038 898 1102 ut
915 1051 1062 1126 specus.

363 1173 388 1210 “
406 1165 590 1268 Crugal‚'’
607 1166 711 1242 dixit
728 1165 849 1242 Conal
870 1166 977 1267 (qui)
1000 1175 1082 1242 erat
1098 1167 1274 1266 eximius,

363 1308 508 1384 “Nate
527 1309 676 1408 Gegale
694 1308 742 1384 ab
760 1332 906 1382 summo
924 1307 1124 1402 clivorum,

361 1449 439 1525 Cur
458 1476 496 1524 es
514 1461 558 1525 tu
575 1449 671 1524 adeo
688 1449 851 1550 pallidus
871 1471 892 1521 e
910 1449 1058 1548 proelio,

358 1592 468 1668 Adeo
485 1591 616 1683 tristis,
636 1591 698 1666 vir
714 1589 897 1690 frangens
915 1577 1071 1664 hastas?

357 1733 437 1808 Prae
456 1733 593 1808 timore
609 1731 712 1807 haud
731 1731 949 1805 mutabatur
965 1741 1052 1804 tuus
1070 1733 1211 1809 vultus.

357 1871 438 1948 Cur
455 1872 621 1948 variavit
638 1873 745 1947 color
762 1871 837 1945 oris
856 1871 924 1960 tui,
947 1869 1092 1968 Crugal
1106 1873 1148 1944 ?'’

354 2012 571 2104 Semivisus,
592 2026 633 2086 et
649 2035 897 2112 prorumpens
915 2010 955 2084 in
973 2012 1158 2110 lacrymas

354 2153 545 2228 Extendit
562 2179 714 2229 manum
732 2153 932 2254 ingentem
950 2177 1062 2252 super
1079 2152 1205 2247 heroa,

354 2295 534 2370 Elevavit
550 2294 614 2370 ille
633 2321 722 2370 cum
739 2296 868 2370 labore
887 2294 1129 2386 vocem-oris,

352 2435 479 2511 Instar
497 2435 741 2536 Legae-venti
760 2435 800 2508 in
811 2435 933 2535 junco
951 2433 1074 2509 autin
1092 2435 1203 2511 crica.

406 2585 431 2620 “
447 2577 517 2653 Est
533 2578 678 2652 animus
697 2601 814 2666 meus,
836 2575 969 2669 Conal,
990 2603 1102 2678 super
1119 2577 1309 2673 colliculo,

353 2717 499 2818 Corpus
515 2743 642 2794 meum
660 2718 708 2792 ad
724 2717 865 2792 undam
883 2717 1025 2793 Ierncs.

351 2859 398 2934 In
415 2859 687 2960 sempiternum
701 2859 803 2934 baud
821 2861 1017 2958 colloquar
1034 2885 1119 2959 ego,
1141 2861 1221 2937 dux
1236 2890 1460 2963 procerum3

352 3001 466 3076 Haud
484 3015 689 3077 cernentur
706 3001 746 3076 in
764 3001 921 3102 planitie
939 3001 1014 3075 mei
1032 2993 1207 3100 gressus5

353 3142 471 3243 (Cum
490 3167 564 3241 ego
583 3143 673 3238 sim)
691 3155 736 3217 ut
755 3143 891 3218 flamen
909 3144 949 3217 in
968 3142 1121 3218 Cromla
1138 3144 1337 3240 clivorum,

349 3283 457 3358 Sicut
472 3281 606 3356 umbra
622 3281 861 3357 descendens
881 3307 902 3356 c
918 3282 1070 3357 nebula.

350 3423 473 3502 Conal
490 3435 579 3498 nate
599 3422 765 3522 Colgare
782 3423 968 3522 princeps,

348 3565 476 3640 Video
496 3590 569 3664 ego
586 3567 727 3640 nubem
745 3562 940 3640 hominum
958 3565 1060 3640 haud
1077 3567 1275 3660 vivorum3

347 3706 500 3782 Nubem
518 3705 651 3780 mortis
670 3707 710 3779 in
727 3730 861 3806 campo
879 3705 1002 3798 Lenae,

346 3847 483 3923 Semen
501 3849 632 3922 Iernes
651 3845 791 3922 cadens
812 3873 860 3922 ex
881 3847 1056 3924 adverso.

346 3987 533 4064 Protenus
555 3989 695 4087 linque,
716 3987 853 4090 hospes
871 3989 1120 4082 liberalitatis,

345 4129 490 4228 Agrum
508 4130 720 4219 lemurum3
747 4155 796 4205 ne
814 4130 864 4206 sis
883 4131 1053 4206 tardus.’'

342 4269 468 4346 Instar
484 4273 583 4345 lunae
602 4271 858 4370 nigrescentis
876 4271 917 4346 in
935 4273 1075 4348 aethere

343 4410 510 4510 Sumpsit
527 4411 592 4486 ille
610 4413 682 4488 sibi
701 4413 772 4514 ipsi
795 4414 838 4513 (i.
859 4440 890 4490 e.
910 4414 1005 4489 abiit
1022 4415 1061 4489 in
1082 4415 1098 4511 )
1121 4424 1290 4492 ventum.

395 4560 420 4594 “
440 4553 597 4644 Mane,'’
616 4553 744 4654 inquit
763 4554 884 4629 Conal
903 4557 969 4654 qui
989 4569 1072 4630 erat
1089 4559 1278 4658 egregius,

347 4699 371 4736 “
389 4693 470 4769 Mei
490 4694 604 4796 ipsius
623 4697 743 4771 amice
761 4697 904 4772 dilecte
923 4691 1089 4790 subrufe,

342 4834 516 4936 Rejicea
536 4849 576 4912 te
588 4837 890 4938 jubar-igneum,
912 4838 974 4912 vir
990 4839 1138 4938 ingens.
