4172 5982
383 753 421 804 v.
444 729 621 804 186-213.
837 719 1044 799 FlNGAL.
1452 728 1500 800 73

384 949 494 1024 Offer
509 947 614 1038 haec;
642 971 806 1044 namque
824 945 972 1018 infirma
990 951 1048 1016 est
1066 951 1132 1014 tua
1147 963 1287 1030 munus,

384 1089 529 1189 Accipe
547 1087 862 1186 castigationem
890 1109 939 1158 ne
957 1083 1006 1156 sis
1026 1082 1151 1156 audax
1170 1092 1211 1155 et
1228 1079 1279 1154 sis
1298 1077 1448 1155 vivus.’'

436 1237 461 1272 “
479 1230 554 1303 Dic
572 1230 736 1302 Suarano
753 1238 958 1316 scutorum,

384 1370 476 1446 Nou
493 1369 590 1446 cessi
608 1394 681 1468 ego
697 1391 875 1464 unquam,
898 1376 938 1438 et
953 1387 1031 1438 non
1048 1363 1192 1438 cedam.

384 1510 447 1584 Do
466 1534 650 1584 oceanum
668 1506 843 1607 principi,

384 1651 465 1725 Aut
482 1651 668 1725 tumulum
689 1648 769 1747 ejus
787 1646 1001 1744 agminibus
1020 1645 1058 1718 in
1076 1645 1200 1718 Ieme.

385 1790 479 1868 Dies
497 1789 598 1864 haud
618 1787 750 1864 veniet
768 1787 807 1860 iu
825 1799 1005 1860 aetemum

386 1931 465 2017 Qui
478 1928 626 2004 auferet
637 1927 983 2003 coruscaminamei
996 1925 1132 2002 amoris
1145 1926 1185 1999 in
1198 1925 1507 2024 septentrionem,

385 2069 438 2143 Et
454 2094 531 2143 non
549 2068 686 2167 fugiet,
708 2068 748 2142 in
766 2067 950 2142 Lochline
967 2067 1350 2156 molium-saxeamm,
1465 2085 1467 2090 ’

386 2209 741 2285 Procero·ramosus
759 2232 893 2284 cervus
911 2205 1125 2283 venationis
1143 2204 1166 2281 ὲ
1183 2205 1330 2282 Luatho
1343 2209 1385 2281 ?'’

439 2350 587 2424 “Vane
606 2349 779 2449 princeps
797 2347 926 2446 magni
946 2351 1115 2438 currus,”

387 2489 504 2564 Dixit
522 2490 657 2582 Mons,
683 2495 707 2530 “
725 2503 863 2564 suntne
882 2501 947 2562 tua
963 2513 1066 2563 arma
1084 2499 1217 2564 contra
1232 2513 1373 2588 regem,

387 2631 535 2730 Regem
553 2657 639 2706 cum
657 2631 775 2706 classe
792 2631 839 2704 ab
859 2629 988 2729 asperi
1003 2629 1109 2720 silvi,
1367 2629 1497 2726 [meni

346 2860 349 2868 1
388 2773 658 2859 Qum-tolleret
675 2772 833 2846 insulam
852 2771 900 2844 de
918 2797 992 2868 qua
1009 2783 1274 2870 experrectum
1297 2783 1356 2846 est
1378 2781 1500 2846 certa·

387 2913 496 2988 Adeo
514 2939 630 3012 parva
647 2925 705 2986 est
725 2913 836 2988 Ieme
856 2912 1120 2986 colliculorum
1138 2912 1319 2986 viridium

388 3053 556 3152 Principi
575 3053 708 3129 oceani
726 3055 796 3127 sub
813 3053 980 3152 procelli
995 3052 1098 3128 irae.’'

441 3201 465 3234 “
483 3195 528 3268 In
546 3194 660 3270 dictis
678 3193 776 3267 cedo
795 3193 940 3318 Morlm,

389 3330 523 3409 Meum
541 3334 661 3406 telum
678 3330 823 3406 homini
842 3333 933 3405 vivo
951 3357 1028 3406 non
1046 3332 1170 3408 cedet.

387 3471 472 3548 Erit
490 3474 600 3547 Ierne
619 3473 687 3547 sub
706 3473 864 3572 imperio
884 3473 1070 3563 Cormaci,

391 3615 585 3700 Quamdiu
604 3614 676 3687 erit
693 3612 846 3714 spiritus
864 3614 904 3688 in
921 3639 981 3689 me
1002 3614 1094 3714 ips0.

391 3755 524 3843 Conal,
546 3755 721 3854 princeps
741 3755 919 3846 virorum,

390 3895 541 3970 Audisti
560 3908 603 3968 tu
621 3896 783 3970 Morlam
801 3895 922 3970 inanis
938 3897 1123 3993 loquelae?

389 4040 451 4110 An
467 4049 525 4110 est
542 4061 617 4135 pax
636 4036 709 4110 tibi
728 4061 817 4111 cum
834 4035 1052 4111 hominibus
1070 4036 1117 4110 ab
1135 4063 1294 4136 aequore,

392 4177 463 4252 Vir
480 4176 546 4275 qui
563 4175 743 4274 refringis
762 4187 868 4252 scuta
887 4176 1086 4274 ingentia?

390 4319 588 4419 Spectrum
607 4317 780 4415 Crugalis
800 4318 921 4391 inanis
938 4331 1149 4408 structurae,

393 4460 521 4545 Quare
539 4457 713 4532 obtulisti
731 4472 773 4533 tu
790 4457 883 4532 mihi
901 4462 1089 4534 mortem?

395 4598 538 4673 Cadam
556 4597 595 4672 in
613 4583 767 4673 domum
784 4611 981 4697 angustam
1002 4601 1083 4675 sine
1101 4603 1186 4678 luce

393 4741 502 4816 Inter
520 4739 696 4816 solatium
713 4740 953 4817 heroicorum
973 4743 1191 4820 carminum.
