4224 5996
412 799 651 878 mlo-437.
689 897 691 904 Ι
876 793 1083 871 nnana
1471 805 1538 880 175
1654 801 1659 806 ·

411 1015 704 1117 Reportavimus
721 1042 790 1092 nos
808 1018 1008 1093 victoriam
1026 1029 1067 1093 et
1084 1015 1371 1093 trucidavimus.

408 1157 469 1230 Ad
488 1158 629 1233 flumen
647 1183 826 1234 sonorum
845 1159 1000 1234 Brannae
1019 1159 1313 1260 praecipitiorum

410 1297 514 1399 Saepe
532 1298 674 1391 sedisti,
695 1300 863 1401 nympha
879 1325 1058 1376 manuum
1076 1300 1336 1394 candidarum,

411 1440 523 1515 Fessa
539 1439 561 1514 a
579 1453 732 1534 venatu,
754 1453 821 1516 tuo
839 1453 997 1542 pectore
1015 1440 1126 1542 suprd

408 1581 595 1681 Surgentc
613 1583 800 1657 velociter
818 1607 924 1681 aeque
942 1581 1099 1681 turgido

408 1720 466 1797 Ac
486 1737 545 1798 est
562 1724 660 1799 latus
678 1723 792 1824 cycni
812 1724 851 1796 in
870 1723 1025 1822 gurgite
1044 1721 1181 1812 nantis,

408 1863 460 1939 Et
477 1890 498 1939 e
518 1866 674 1964 regione
692 1839 852 1940 adversa
868 1864 1034 1965 expositi
1053 1861 1206 1938 arbitrio
1224 1865 1344 1956 venti,

407 2004 480 2080 Ala
497 2005 581 2080 alba
598 2017 779 2105 surgente
798 2005 937 2079 leniter

406 2143 458 2219 Et
474 2145 625 2219 flamine
644 2144 905 2220 circumdante
924 2146 1006 2246 ejus
1025 2147 1134 2222 latus.

408 2285 550 2360 Vidisti
567 2297 620 2377 tu,
642 2284 820 2387 nympha,
842 2287 882 2360 in
900 2299 1030 2362 monte
1048 2287 1166 2363 arduo

407 2428 531 2502 Solem
550 2439 703 2502 euntem
721 2427 877 2502 rubrum
895 2428 964 2503 sub
983 2429 1135 2520 nubem,

409 2569 624 2669 Caliginem
642 2567 1011 2643 circumcludentem
1030 2569 1148 2644 dense
1167 2571 1513 2661 molem-saxosam,

408 2711 555 2786 Flatum
573 2735 817 2812 prorumpens
836 2734 887 2783 ex
906 2709 1066 2785 adverso
1085 2737 1154 2812 per
1172 2737 1374 2814 vaporem3

406 2853 550 2928 Vidisti
567 2865 610 2927 tu
627 2851 795 2953 pluviam
815 2851 1017 2926 cadentem
1035 2853 1217 2953 graviter,

405 2993 568 3068 Tonitru
586 3018 696 3066 ruens
713 2991 736 3066 a
754 2993 853 3068 colle
870 2993 918 3068 ad
938 2994 1076 3069 collem
1094 2994 1134 3070 in
1152 2995 1263 3086 valle,

317 3147 323 3160 '
405 3135 756 3234 'lanifica-spectra
773 3135 812 3208 in
829 3133 1047 3234 fulguribus
1065 3136 1112 3210 ab
1130 3136 1253 3227 undis,

405 3277 516 3350 Vires
530 3275 671 3350 montis
686 3275 865 3373 (effusas)
880 3277 921 3350 in
934 3273 1074 3350 nudam
1087 3275 1323 3377 (planitiem)
1333 3273 1356 3351 a
1366 3275 1528 3352 molibus

405 3419 457 3494 Et
474 3430 682 3493 torrentem
701 3415 993 3492 fremebundum
1012 3417 1199 3493 clivorum
1217 3419 1263 3494 ad
1289 3421 1397 3494 littus
1419 3418 1525 3518 (des-

405 3562 507 3636 Talis
526 3561 601 3635 fuit
619 3559 764 3635 sonitus
783 3559 921 3656 ingens
939 3559 1073 3659 proclii,
1242 3561 1523 3660 [cendentem):

408 3703 553 3778 Blanda
569 3698 737 3802 nympha
753 3725 934 3774 manuum
957 3699 1075 3775 instar
1091 3701 1203 3780 nivis.
1233 3673 1235 3678 Ι

407 3846 534 3932 Quare
554 3843 692 3920 cadant
711 3853 786 3916 tuae
804 3823 981 3940 lacrymae
1001 3843 1049 3917 ad
1067 3855 1216 3934 terram,

405 3987 499 4062 Filia
514 3985 675 4060 honesta
690 3983 866 4059 Toscaris
885 3983 1153 4058 exercituum?

403 4129 627 4229 Virginibus
646 4113 807 4201 Lochlin
827 4125 878 4200 sit
893 4125 1031 4217 luctus,
1351 4125 1520 4222 [tamine.

403 4269 496 4370 Ejus
514 4279 603 4344 sunt
617 4267 769 4366 agmina
783 4293 865 4365 quae
880 4235 1079 4343 cesserunt
1093 4277 1133 4341 et
1148 4265 1374 4342 ceciderunt
1387 4267 1427 4340 in
1441 4291 1522 4372 cer·

288 4439 292 4446 ·
405 4410 524 4484 Fuere
542 4407 964 4510 sanguinolentigladii
983 4407 1080 4484 aciei
1099 4409 1244 4484 eaerulae
1313 4425 1316 4432 ’

403 4548 516 4650 Apud
535 4573 665 4623 semen
683 4549 898 4651 principum
915 4573 1142 4648 magnorum
1160 4575 1182 4624 e
1200 4549 1317 4628 Cond.

405 4689 494 4764 Sum
513 4713 587 4789 ego
605 4691 837 4788 lacrymosus
855 4715 982 4766 coecus
1001 4693 1041 4766 in
1058 4692 1176 4790 luctu,

405 4829 518 4905 Haud
536 4831 696 4933 amplius
714 4855 842 4908 comes
864 4831 1103 4936 principum3
