4194 6006
409 773 445 825 v.
467 753 650 826 stt-sta.
866 743 1074 820 FINGAL.

410 969 569 1070 Eritque
587 952 661 1045 illis
678 966 784 1069 optio
803 965 843 1040 in
861 969 1037 1042 convalle

411 1112 458 1186 In
476 1112 685 1187 certamine
703 1108 916 1210 gladiorum
936 1133 1025 1183 cum
1043 1107 1309 1185 viris-lectis.’'

465 1250 619 1327 “Haud
637 1251 850 1352 accipietur
867 1251 889 1324 a
905 1253 1008 1340 me,’'
1026 1249 1131 1324 dixit
1150 1274 1233 1342 rex,

414 1399 439 1435 “
457 1392 596 1468 Classis
614 1405 690 1483 tua,
711 1416 784 1468 nec
803 1405 906 1467 terra
923 1403 1165 1484 saxetorum;

411 1534 559 1611 Sufficit
576 1534 669 1609 mihi
687 1532 854 1608 solitudo
873 1533 1037 1608 saltuum

412 1675 509 1752 Cum
529 1676 664 1768 cervis,
687 1701 773 1751 cum
793 1674 910 1766 silvis,
932 1685 1077 1748 etcum
1095 1672 1268 1748 vallibus.

410 1815 528 1917 Erige
545 1817 632 1891 vela
650 1842 761 1918 super
778 1816 928 1906 fluctus,
1305 1801 1308 1806 ⁵

408 1959 545 2033 Amice
563 1957 702 2033 nobilis
720 1956 901 2033 desiderii
920 1956 995 2030 mei
1013 1955 1128 2046 olim;

408 2097 630 2198 Erige'vela
644 2099 808 2175 candida
825 2123 938 2199 super
954 2121 1150 2188 oceanum,

410 2239 509 2316 Cum
528 2252 714 2342 exsurget
731 2241 799 2314 lux
817 2239 857 2314 in
871 2236 979 2340 jugis
999 2239 1195 2331 montium,

407 2379 609 2458 Retroiens
626 2382 674 2457 ad
693 2381 910 2457 Gonnalam
929 2382 1144 2455 sonoram.”

460 2523 585 2597 “Pax
605 2523 654 2598 sit
671 2523 804 2598 anima
822 2537 908 2616 tuae,
931 2548 999 2598 rex
1020 2525 1530 2628 corneorum-poculorum,'’

409 2663 526 2738 Dixit
543 2665 727 2740 Suaranus
746 2665 1005 2742 fuscis-scutis
1026 2665 1196 2766 (notus),

411 2811 435 2846 “
452 2803 499 2879 In
516 2829 610 2904 pace
630 2829 721 2879 aura
737 2831 777 2880 es
794 2806 906 2896 veris,

406 2947 454 3020 In
471 2945 677 3023 certamine
697 2973 737 3022 es
755 2960 799 3024 tu
814 2973 926 3050 rupes
944 2949 984 3023 in
1001 2949 1201 3050 procellis:

406 3087 555 3162 Prende
571 3113 724 3166 manum
742 3113 865 3164 meam
883 3090 1015 3182 amice,

405 3229 492 3304 Rex
510 3229 740 3331 armipotens
759 3195 949 3306 ex‘Selma
966 3229 1106 3330 gelida,

403 3369 649 3470 Tradantque
666 3369 773 3446 bardi
791 3369 846 3445 tui
865 3371 999 3446 eximii

407 3509 548 3587 Luctui
566 3522 735 3586 mortuos
754 3511 794 3586 in
813 3535 969 3614 campo;

406 3649 560 3727 Condat
577 3653 688 3727 Ieme
706 3654 775 3730 sub
793 3653 950 3729 humum
969 3655 1122 3754 agmina
1139 3680 1245 3730 mea:

403 3789 523 3891 Erige
541 3817 634 3868 saxa
650 3793 759 3869 fama>
777 3818 909 3868 eorum
927 3793 966 3868 in
984 3795 1207 3896 praecipitio.

405 3931 576 4009 Cernent
593 3935 736 4037 posteri
751 3946 989 4012 mortuorum
1007 3937 1054 4012 ab
1073 3935 1334 4037 septentrione

404 4071 590 4174 Campum
607 4076 673 4151 nbi
691 4077 932 4154 commissum
951 4090 1010 4154 est
1026 4077 1209 4181 proelium.

401 4213 521 4291 Dicet
536 4228 698 4294 venator
714 4219 952 4294 descendens
970 4245 992 4294 a
1008 4230 1150 4311 monte,

404 4353 502 4430 Cum
520 4359 718 4435 recumbet
736 4361 933 4462 sepulcro:

406 4503 417 4537 ‘
435 4495 512 4572 Hic
530 4498 664 4599 Fingal
682 4512 723 4575 et
739 4502 923 4577 Suaranus
942 4503 1087 4578 strenui

404 4637 688 4716 Commiserunt
705 4643 880 4742 proelium
898 4643 1116 4720 centurialis
1133 4645 1376 4746 agminibus)

401 4777 463 4852 Sic
481 4778 587 4854 dicet
604 4793 764 4858 venator
780 4781 966 4875 imbellis3

402 4921 454 4998 At
471 4923 710 5023 permanebit
727 4923 767 4997 in
785 4935 969 4999 aeternum
986 4925 1066 5002 laus
1083 4930 1251 5003 nostra.’'
