4184 5998
395 797 431 846 v.
454 775 630 854 ruo-als.
827 771 1066 848 TEMORA.
1443 777 1508 850 341

392 993 500 1068 Sicut
516 1019 684 1069 murmur
700 993 831 1068 imbris
850 993 914 1091 qui
933 994 1037 1069 cadit
1053 995 1149 1070 lenis

393 1133 508 1209 Circa
524 1157 721 1235 vesperem
738 1161 849 1234 super
865 1159 1075 1210 marcorem
1092 1158 1269 1234 agrorum

392 1275 503 1375 Apud
521 1275 666 1350 Athum
683 1277 851 1350 rivorum
870 1275 1141 1350 diminutorum
1159 1287 1433 1373 angustorum,-

391 1414 461 1490 Est
477 1416 573 1490 lenis
592 1439 723 1490 eorum
741 1442 855 1491 sonus
872 1416 916 1489 in·
930 1429 1037 1517 prato
1060 1416 1259 1514 [herboso]
1282 1414 1419 1506 herbae,

389 1556 551 1631 Tonitru
570 1557 722 1658 dirupto
739 1557 854 1632 coelos
872 1559 1149 1658 pervagante.’'
1200 1555 1202 1560 ’

440 1699 640 1773 Venerunt
658 1699 713 1772 illi
731 1699 770 1772 in
789 1699 864 1772 suis
881 1697 993 1773 armis
1013 1697 1218 1772 confestim
1340 1699 1505 1794 [vocem,

391 1839 625 1915 Inclinantes
642 1837 724 1914 sine
737 1839 871 1936 [mora]
885 1837 1020 1912 stando
1036 1837 1348 1938 quodquecaput
1363 1836 1411 1912 ad
1430 1837 1515 1937 ejus.

384 1980 501 2066 Quasi
520 1981 551 2054 si
570 1981 788 2078 loqueretur
805 1991 998 2080 spectrum
1017 1979 1038 2052 ὲ
1057 1979 1165 2052 nube·

389 2119 449 2196 Ex
470 2121 545 2194 suis
562 2120 766 2221 majoribus
785 2121 1086 2219 pervagantibus
1102 2132 1267 2196 noctem.

343 2228 346 2233 r
388 2259 479 2336 Erat
496 2260 674 2344 terribilis
693 2284 822 2335 eorum
840 2261 1063 2338 coruscatio·
1077 2259 1264 2334 atro-rufa

387 2401 512 2477 Instar
529 2399 707 2476 torrentis
726 2400 1065 2476 Brumaecadentis
1089 2401 1214 2498 [cum]
1233 2400 1274 2475 in
1291 2399 1448 2476 fremitu

388 2542 553 2648 Quando
567 2541 919 2641 movetur[fulgur]
932 2540 1032 2641 ignis
1047 2540 1134 2615 coeli
1153 2565 1220 2640 per
1233 2542 1510 2616 obscuritatem

389 2683 545 2760 Circum
563 2685 694 2760 oculos
711 2683 898 2782 [viatoris]
914 2682 1155 2757 viri-itineris
1176 2680 1216 2754 in
1234 2683 1411 2782 procellae

383 2824 530 2899 Tremit
549 2825 614 2898 ille
632 2825 746 2898 miser
761 2825 801 2899 in
819 2825 946 2900 media
965 2823 1038 2914 via,

246 3065 251 3074 ¹
385 2961 602 3063 Expectans
619 2967 737 3040 solem
760 2965 808 3041 ab
825 2965 985 3041 oriente.

437 3111 462 3145 “
473 3104 534 3177 An
551 3105 741 3204 gaudium·
755 3121 813 3181 est
830 3089 1056 3199 Foldatiro,”
1074 3107 1178 3182 dixit
1198 3131 1281 3199 rex,

388 3249 412 3286 “
430 3243 603 3320 Fundere
621 3249 844 3348 sanguinem
864 3225 911 3325 iu¹
922 3249 1131 3325 certamine
1148 3249 1304 3322 noctis?
1359 3247 1501 3344 [saltus

383 3387 444 3461 An
460 3385 675 3485 [deficiunt]
693 3391 846 3490 angusti
862 3403 950 3465 sunt
966 3391 1047 3490 ejus
1066 3390 1165 3464 ictus
1183 3389 1284 3464 inter
1298 3388 1504 3462 tumultum

384 3527 549 3614 Quando
566 3528 791 3606 flammescit
808 3531 927 3606 telum
945 3529 1030 3604 diei*
1042 3530 1086 3604 in·
1100 3531 1216 3604 luce?

382 3667 471 3742 Non
490 3670 681 3745 numerosi
699 3682 789 3746 sunt
807 3671 928 3745 nostri
943 3671 1072 3745 hostes
1091 3670 1195 3745 circa
1211 3693 1419 3782 oceanum3

380 3807 510 3896 Quare
528 3823 629 3912 esset
644 3811 798 3911 pallium
817 3811 1012 3886 torvitatis
1031 3835 1143 3910 super
1160 3809 1268 3884 nobis
1286 3809 1375 3910 ipsis
1387 3811 1427 3884 i*

380 3951 449 4026 Est
461 3952 635 4052 jucunda
652 3953 720 4025 lux
739 3952 916 4042 strenuis,

380 4093 457 4178 Qui
481 4093 743 4190 [conservant]
760 4092 982 4192 percutiunt
999 4089 1021 4164 d
1036 4092 1174 4166 damno
1193 4117 1295 4166 suam
1314 4101 1465 4166 terram.

378 4232 467 4308 Fuit
484 4259 622 4308 vanum
641 4246 748 4307 tuum
767 4233 980 4325 consilium,
1001 4231 1176 4333 princeps
1196 4231 1360 4321 Momae3

379 4373 469 4448 Non
487 4387 577 4449 sunt
595 4374 698 4449 oculi
716 4373 915 4448 Morveuis
935 4374 1004 4448 sub
1024 4373 1134 4448 ciliis.

379 4509 504 4586 Instar
520 4513 654 4610 aquilae
677 4515 805 4614 (sunt)
828 4513 971 4613 vigiliae
990 4515 1218 4588 eximiorum
1237 4511 1451 4614 principum

377 4651 497 4752 Super
510 4677 642 4728 musco
659 4656 943 4756 scopulosorum
961 4655 1148 4728 montium
1167 4657 1340 4729 altorum.
1365 4685 1373 4698 ·

377 4789 434 4866 Sit
452 4791 612 4892 quisque
628 4793 807 4896 princeps
823 4796 892 4870 sub
909 4768 1011 4868 nube
1030 4819 1117 4869 curn
1135 4819 1203 4871 suo
1220 4793 1371 4896 populo,

764 4961 781 4993 '¹
801 4960 819 5018 i.
832 4979 857 5019 e.
872 4979 994 5020 essem
1008 4962 1107 5022 trister.
