4172 5982
405 759 443 810 v.
460 741 644 814 alt-241.
857 728 1064 806 FINGAL.
1472 742 1519 814 75

400 954 551 1046 Tollite,
574 977 704 1030 semen
720 953 852 1028 Iemes
868 953 1127 1042 victoriarum,

399 1093 715 1192 Unamquamque
734 1117 892 1168 crassam
912 1092 1058 1166 hastam
1075 1103 1116 1168 et
1132 1091 1310 1191 sagittam
1329 1105 1491 1170 acutam.
1592 1068 1596 1076 ¹

400 1235 524 1311 Ferite
543 1234 706 1309 advenas
726 1232 919 1308 Lochlinis
936 1232 959 1307 ὲ
976 1231 1246 1333 septentrione,

398 1375 523 1450 Instar
540 1375 722 1449 lemurum
741 1377 901 1476 superne
919 1399 940 1449 e
959 1373 1105 1449 coelis.’'

449 1514 629 1606 Obscuri,'
643 1513 897 1606 fremebundi,
918 1515 1095 1607 minaces,
1116 1514 1354 1593 circumclusi

398 1655 519 1730 Effusi
537 1668 626 1730 sunt
644 1655 699 1729 illi
717 1655 882 1732 conferti
901 1656 970 1730 sub
989 1655 1124 1731 umbra
1141 1657 1274 1758 campi,
1393 1659 1508 1755 [ritas

397 1799 521 1873 Instar
535 1798 683 1898 vaporis
697 1797 736 1870 in
750 1796 859 1885 valle,
876 1794 983 1894 cujus
996 1794 1288 1897 profundissima
1301 1808 1360 1872 est
1372 1798 1510 1876 obscu-

399 1937 564 2024 Quando
582 1936 744 2010 veniunt
761 1935 936 2036 procellae
955 1960 977 2008 a
993 1947 1104 2034 tergo
1121 1937 1502 2020 molium-saxearum'

397 2077 513 2178 Super
530 2075 843 2175 tranquillitatem
860 2074 992 2188 mitem
1011 2074 1112 2152 solis.

347 2211 352 2224 ’
395 2215 442 2290 In
459 2216 572 2290 armis
589 2215 761 2315 perrexit
778 2214 956 2290 Cucullin
974 2212 1064 2313 ipse,

395 2357 453 2433 Ut
470 2371 658 2457 spectrum
677 2356 765 2431 coeli
784 2354 823 2428 in
843 2355 1087 2430 extremitate
1104 2356 1225 2450 nubis,

393 2497 514 2572 Veste
532 2498 642 2572 rubri
663 2495 895 2595 (existente)
917 2519 967 2568 ex
986 2493 1139 2594 fulgure
1156 2511 1358 2596 praeacuto,

393 2637 444 2712 Et
461 2663 689 2736 unoquoque
708 2650 825 2711 vento
844 2635 971 2710 valido
991 2635 1029 2710 iu
1047 2660 1160 2712 manu
1177 2637 1343 2715 immani.

394 2775 485 2854 Erat
503 2779 617 2855 Carul
635 2779 674 2853 in
691 2801 845 2852 nemore
864 2801 984 2878 supra,

395 2919 525 2997 Cornu
542 2918 714 2994 victoriae
732 2931 890 2994 sonante
908 2918 948 2994 in
966 2919 1047 3018 ejus
1065 2945 1188 3011 manu,

392 3059 444 3136 Et
460 3063 634 3136 elevante
652 3059 795 3135 animos
812 3067 969 3160 'magnos
989 3062 1183 3137 exercitlls

390 3201 498 3278 Duro
516 3203 764 3278 incitamento
782 3203 1001 3278 carminum.

443 3351 467 3384 “
484 3343 691 3434 Ubinam‚”
710 3342 813 3416 dixit
831 3367 872 3416 os
891 3342 995 3440 quod
1015 3353 1096 3418 erat
1112 3365 1301 3432 canorum,

394 3481 602 3558 “Ubinam
620 3481 849 3556 extenderes
868 3495 922 3571 tu,
944 3479 1113 3580 Crugal?

389 3623 413 3699 J
417 3647 554 3698 acesne
573 3634 616 3697 tu
633 3622 673 3695 in
690 3622 790 3696 terri
808 3621 889 3696 sine
910 3621 959 3710 vi,

389 3763 472 3838 Tul
490 3764 606 3838 domu
623 3762 791 3861 eleganti
809 3762 890 3836 sine
908 3763 1056 3838 concha
1073 3763 1305 3841 odoriferi?¹

390 3903 459 3979 Est
475 3915 609 3979 moesta
625 3927 726 3976 uxor
744 3900 918 4001 Crugalis
933 3904 1003 3978 sub
1020 3905 1197 4006 lacrymis

389 4043 570 4118 Existens
589 4044 737 4118 advena
754 4043 793 4118 in
810 4045 895 4118 aula
911 4046 1047 4122 luc'tlls.

390 4185 573 4270 Quaenam
593 4198 652 4259 est
669 4185 742 4274 illa,
762 4197 807 4258 ut
822 4185 891 4260 lux
909 4211 1019 4287 super
1036 4187 1149 4280 clivo,

389 4323 529 4399 Versrls
549 4325 669 4400 aciem
687 4325 831 4401 fuscam
850 4324 1045 4400 hostium?

387 4465 572 4552 Quaenam
588 4466 662 4541 nisi
680 4465 861 4565 Dogrena
878 4465 1064 4566 capillata,

387 4604 499 4680 Uxor
518 4604 702 4704 Crugalis,
724 4607 833 4706 cujus
852 4607 1159 4686 venustissimum
1177 4621 1236 4686 cst
1252 4609 1420 4686 collum?

386 4744 457 4822 Est
473 4745 589 4822 crinis
606 4773 718 4848 super
736 4760 854 4824 vento
870 4774 970 4849 poue
988 4773 1093 4842 eam;
1136 4787 1140 4795 ·
