4194 6006
289 795 296 812 ’
402 800 641 888 ν.159-186.
773 879 778 888 ,
858 795 1067 874 FINGAL.
1453 803 1536 884 ΜΓ

449 1026 543 1100 Tres
561 1023 643 1099 dies
660 1021 799 1098 mansit
816 1021 1002 1123 princeps,

403 1166 501 1242 Cum
520 1165 614 1242 tuba
631 1137 835 1260 monitoria
850 1163 1019 1237 maxime
1038 1161 1174 1239 sonora

401 1308 577 1384 Evocans
597 1305 781 1382 eximium
800 1304 952 1382 Corlam
971 1283 1018 1378 ail
1039 1314 1244 1396 certamen,
1305 1299 1307 1304 ’

401 1448 462 1524 Ab
479 1473 581 1551 rupe,
604 1461 644 1523 et
660 1447 853 1547 uliginoso
871 1471 964 1547 agro
980 1459 1021 1520 et
1038 1445 1261 1548 praecipitio.

404 1591 517 1666 Haud
536 1589 739 1665 deseendit
758 1588 922 1664 eximius
941 1585 1055 1662 Corla
1073 1586 1113 1661 in
1131 1587 1277 1678 aciem;

319 1695 324 1706 ¹
403 1732 575 1808 Advenit
593 1728 754 1806 Lochlin
771 1729 1002 1830 armipotens
1021 1727 1043 1802 a
1061 1727 1240 1820 turribus,

404 1873 527 1948 Dedit
542 1872 743 1966 Trenmori
761 1872 953 1971 virginem
971 1867 1146 1944 candidis
1164 1861 1348 1966 manibus,

403 2012 666 2114 Apposuitque
685 2013 720 2088 ei
739 2013 889 2115 epulam
907 2011 1075 2087 iterim.'’

459 2152 587 2228 “Rex
606 2151 841 2260 Lochlinis,'’
860 2151 963 2227 dixit
980 2151 1113 2252 Fingal
1131 2151 1462 2250 victoriis-clarus,

405 2293 566 2394 Sanguis
585 2306 672 2369 tuus
691 2269 809 2369 currit
826 2293 943 2368 velox
962 2292 1002 2366 in
1019 2293 1138 2368 latere
1155 2318 1253 2370 meo.

404 2437 666 2514 versabantur
677 2437 839 2536 majores
853 2435 973 2509 nostri
990 2433 1030 2506 in
1044 2433 1252 2510 certamine
1267 2435 1316 2510 de
1330 2437 1522 2532 fluetibus,

407 2577 627 2654 Certamine
645 2578 692 2652 ab
710 2574 993 2652 ore-hominum
1010 2600 1157 2677 semper
1174 2578 1391 2655 celebrato:

406 2720 459 2794 At
475 2719 610 2819 saepius
629 2719 669 2793 in
687 2718 772 2793 aula
790 2720 1057 2796 conviviorum

408 2859 751 2936 Circummiserunt
769 2864 1160 2963 comeum-poculum.

407 3003 552 3076 Averte
569 3001 708 3077 faciem
725 3001 748 3077 a
766 3003 1017 3079 contentione
1032 3001 1234 3097 hastarum,

409 3143 543 3241 Sitque
560 3141 693 3219 latitia
710 3143 863 3220 citharae
883 3145 922 3219 in
940 3169 1031 3219 aure
1050 3145 1126 3220 tua.

408 3285 536 3360 Instar
551 3285 801 3386 procellarum
818 3285 1033 3384 ingentium
1051 3285 1091 3358 in
1109 3283 1210 3360 facie
1226 3287 1360 3360 oceani

410 3425 593 3501 Effudisti
612 3439 655 3501 tu
672 3439 775 3501 tuam
793 3425 1060 3503 strenuitatem
1078 3452 1269 3527 asperam;

410 3567 519 3643 Voce
538 3580 603 3643 tua
621 3569 815 3645 existente
833 3569 951 3643 instar
968 3569 1075 3643 vocis
1093 3569 1199 3644 mille
1216 3553 1411 3670 agminum

411 3710 654 3810 Assurgentis
673 3709 711 3785 in
724 3710 825 3811 jugo
842 3711 1001 3786 mortuis
1019 3723 1148 3786 strato.

410 3851 527 3952 Erige
546 3877 638 3943 cras,
660 3851 767 3951 erige
785 3865 852 3928 tua
868 3854 964 3944 vela,

411 3993 591 4068 Genuine
609 3993 729 4070 frater
745 3993 926 4070 desiderii
944 3995 1019 4070 mei
1038 3993 1150 4070 olim:

411 4135 520 4210 Sicut
536 4135 662 4210 radius
680 4137 770 4212 solis
787 4139 837 4213 de
855 4162 958 4212 novo

412 4275 644 4377 Supervenit
662 4279 788 4354 animo
806 4303 892 4354 meo
911 4280 992 4380 ejus
1010 4281 1128 4356 decus
1145 4280 1220 4356 hoc
1238 4290 1422 4380 ternpore.

414 4416 506 4491 Vidi
524 4419 709 4518 lacrymas
728 4433 811 4495 tuas
830 4421 879 4496 de
899 4421 1049 4524 virgine
1068 4419 1240 4497 manibus
1260 4421 1445 4513 candidis,

415 4557 513 4632 Cum
532 4559 701 4633 sublatus
719 4574 778 4635 est
795 4561 834 4636 in
852 4561 1028 4637 Starnum
1046 4564 1197 4662 gladius
1212 4589 1339 4639 meus:
1371 4567 1477 4664 [pore
1495 4573 1535 4637 te

416 4697 652 4775 Conservavi
667 4725 690 4774 a
703 4699 841 4775 damno
856 4703 1109 4802 (detrimento
1123 4717 1189 4779 aut
1202 4705 1360 4806 injurii)
1376 4730 1422 4780 eo
1437 4717 1534 4780 tem-

311 4915 316 4926 ,
416 4839 583 4942 Suspiria
603 4841 789 4942 (ducens)
811 4842 860 4918 de
880 4843 1030 4944 virgine
1048 4844 1153 4921 sinlls
1170 4843 1336 4924 candidi.

469 5005 569 5058 ronr.
592 5005 642 5060 11.
958 5009 984 5058 n
