4172 5982
362 829 602 915 now-684.
803 831 1013 910 FINGAL

359 1053 453 1155 Ejus
470 1063 607 1155 pectus
625 1053 822 1128 luxurians
838 1063 883 1128 ut
898 1054 990 1128 luna
1005 1052 1141 1144 noetis,

361 1195 459 1271 Cum
478 1207 538 1270 est
555 1195 637 1297 ejus
655 1195 880 1270 extremitas
898 1186 1118 1270 se-movens

356 1339 417 1415 Ab
435 1335 671 1413 obscuritate
689 1337 746 1410 sui
765 1335 904 1410 coloris
923 1333 970 1410 ad
989 1335 1128 1412 lucem.

356 1479 479 1578 AEque
496 1478 605 1554 suavi
622 1503 667 1552 ac
687 1475 834 1573 cithara
851 1476 935 1577 ejus
952 1500 1029 1567 ore,

356 1621 404 1696 In
420 1632 593 1720 ternpore
611 1617 773 1693 tollendi
792 1628 948 1692 cantum
968 1642 1055 1692 cum
1072 1617 1190 1692 luctu

356 1761 449 1836 Erat
465 1760 521 1835 illi
538 1759 671 1835 oculus
689 1758 809 1832 instar
825 1757 955 1831 stellaer

359 1910 370 1944 ‘
388 1901 555 1990 Quando
572 1901 706 1977 venies
724 1912 768 1973 tu
787 1899 827 1972 in
845 1897 920 1972 tuis
938 1897 1060 1988 armis,
1080 1899 1292 1976 lectissime
1307 1899 1420 1977 heros
1433 1904 1464 1976 ?’

408 2040 585 2116 ‘Prende
602 2051 656 2130 tu,
678 2039 924 2132 Braosollina'
942 2039 1046 2115 dixit
1064 2039 1218 2130 Carber,
1283 2039 1474 2135 [taminis;

357 2187 369 2266 .‘
386 2179 538 2256 Prende
555 2193 711 2256 scutum
727 2182 958 2257 umbonibus
975 2182 1130 2282 plenum
1150 2179 1232 2281 ejus
1251 2183 1374 2281 asperi
1393 2205 1475 2256 cer·

356 2321 461 2396 Leva
483 2346 630 2396 sursum
653 2321 693 2394 in
712 2321 834 2412 edem,
856 2321 924 2396 ubi
942 2321 1159 2421 rubiginem
1177 2345 1255 2396 non
1274 2321 1478 2396 contrahet

352 2459 415 2534 Ex
432 2459 544 2534 armis
564 2485 647 2558 quae
663 2459 820 2536 inimica
836 2460 994 2536 fuerunt
1011 2462 1105 2538 mihi
1125 2475 1185 2537 est
1201 2462 1267 2538 id.’
1406 2465 1473 2562 [id.

354 2589 562 2704 Palpitavit
579 2627 656 2694 cor,
676 2602 781 2701 quod
800 2613 883 2676 erat
900 2605 1026 2695 molle,
1048 2604 1096 2678 ad
1114 2605 1197 2705 ejus
1214 2605 1325 2681 latus.

105 2781 111 2794 ·
246 2839 248 2844 Ι
352 2743 461 2819 Abiit
478 2744 559 2844 ejus
576 2745 691 2832 color,
713 2753 753 2816 et
770 2743 944 2844 prorupit
960 2769 1027 2845 per
1046 2745 1198 2821 ericam.

353 2883 520 2964 Inventa
537 2895 595 2960 est
612 2895 786 2974 mortua3
813 2883 929 2983 periit
947 2885 988 2959 in
1007 2885 1123 2961 clivo.

352 3027 401 3102 In
418 3027 492 3102 hoc
511 3029 593 3128 ipso
611 3028 709 3118 loco,
728 3025 920 3118 Cucullin,
943 3039 1003 3102 est
1020 3051 1149 3102 eorum
1167 3051 1299 3127 agger,

352 3166 405 3242 Et
421 3168 527 3242 loevis
546 3178 659 3242 taxus
678 3177 737 3242 est
755 3191 931 3242 crescens
948 3167 996 3242 ab
1015 3165 1231 3266 sepulchro.

351 3307 444 3385 Erat
460 3319 623 3384 venusta
638 3307 858 3382 Brassollisa
873 3330 896 3380 a
911 3306 1016 3396 orari,

352 3450 404 3526 Et
421 3460 504 3524 erat
520 3447 670 3524 Crimor
686 3447 909 3548 splendidus
927 3446 950 3522 a
969 3457 1081 3547 tergo
1099 3448 1414 3549 praecipitiorum.

353 3590 646 3667 Conservabunt
664 3587 773 3665 bardi
792 3613 922 3664 eorum
940 3588 1161 3662 memoriam
1180 3588 1303 3680 simul,

352 3731 548 3819 Quamdiu
565 3729 750 3806 fundetur
767 3729 908 3805 fretum
926 3731 973 3806 ab
990 3731 1176 3805 oceano.”

357 3939 359 3944 ,
402 3878 427 3916 “
444 3873 513 3946 Est
531 3897 668 3947 canora
684 3887 751 3952 tua
767 3898 858 3964 vox,
881 3871 1008 3967 Carul,
1028 3870 1122 3946 mihi
1141 3871 1252 3972 ipsi,”

351 4015 468 4090 Dixit
484 4015 662 4117 princeps
680 4015 810 4089 Iernes
829 4013 1076 4089 caeruleorum
1095 4013 1320 4104 oculorum;

352 4163 377 4197 “
395 4154 545 4230 Canora
560 4169 650 4231 sunt
667 4167 734 4231 tua
751 4156 868 4246 diota,
891 4156 1017 4246 barde,
1039 4155 1080 4230 in
1096 4167 1238 4246 monte,

350 4296 526 4374 Orientia
542 4298 590 4372 ab
608 4309 779 4398 tempore
795 4298 1001 4396 gloriarum
1014 4324 1031 4370 :x

350 4437 445 4511 Sunt
461 4463 507 4512 ea
521 4436 656 4513 similia
673 4439 748 4513 rori
766 4437 957 4531 imbrium,

350 4577 516 4664 Quando
533 4591 752 4680 prospectat
769 4580 825 4654 sol
842 4605 957 4680 super
974 4605 1121 4681 agrum,

348 4720 472 4794 Tenui
489 4721 624 4795 umbra
640 4721 897 4822 pervolitante
915 4747 1029 4823 super
1045 4723 1200 4816 olivunu

263 4859 265 4866 ⁴
344 4859 401 4936 Et
417 4861 508 4936 aura
526 4863 632 4938 lenta
650 4874 691 4938 et
706 4863 795 4938 leni.

396 5027 497 5080 ΤΟΜ.
516 5027 565 5080 11.
923 5029 947 5078 E
