4184 5998
369 746 407 802 v.
428 731 607 807 lto-157.
811 719 1041 799 TEMORA.

369 943 618 1020 Descendens
637 941 660 1017 a
677 940 873 1028 domicilio
890 942 1104 1020 nimborum

368 1085 478 1162 Inter
495 1087 640 1162 tonitru
659 1085 868 1160 immittens
885 1085 1033 1160 cladem
1050 1084 1074 1160 a
1090 1111 1156 1160 sua
1172 1083 1262 1161 sede

369 1228 487 1328 Super
503 1239 628 1304 atrum
645 1226 799 1302 dorsum
816 1226 928 1300 maris
945 1223 1015 1299 sub
1031 1224 1145 1315 nube,

369 1367 428 1444 Ut
444 1365 540 1441 illud
561 1365 657 1466 (sic)
678 1365 756 1440 fuit
774 1365 916 1464 Colgar
933 1364 973 1438 in
991 1363 1200 1438 certamine

371 1505 609 1582 Consumens
627 1517 667 1580 et
685 1503 923 1604 extinguens·
937 1504 1069 1580 aciem.

369 1645 439 1722 Est
456 1671 636 1745 magnum
654 1647 836 1744 gaudium
853 1645 970 1747 patris
987 1646 1104 1746 ipsius
1122 1646 1224 1721 circa
1240 1644 1463 1746 principem.

371 1787 492 1862 Venit
508 1787 652 1886 sagitta
668 1787 766 1862 clam
784 1811 897 1887 super
913 1800 1133 1862 strenuum:

371 1927 548 2002 Surrexit
564 1953 698 2002 saxum
717 1929 753 2003 ei
771 1929 852 2004 sine
870 1928 1049 2027 lacrymis
1067 1929 1106 2002 in
1125 1927 1249 2003 clivo:

372 2066 534 2142 Ulturus
552 2081 611 2144 est
628 2093 698 2143 rex
716 2069 912 2170 ingentem
931 2069 1051 2142 filium
1074 2091 1209 2143 suumo

373 2205 601 2283 Coruscavit
617 2208 803 2284 Trenmor
820 2208 922 2284 sicut
938 2206 1090 2306 fulgur3

372 2347 628 2448 Reliqucrunt
646 2349 774 2449 Belgae
792 2363 930 2424 terram
948 2349 1019 2424 sub
1037 2348 1188 2424 damno,

422 2490 586 2578 Quando
604 2491 720 2567 rediit
736 2517 811 2591 pax
830 2492 879 2566 ad
897 2491 1019 2566 aciem
1038 2491 1182 2580 mortis,

375 2632 538 2719 Quando
557 2633 691 2707 avexit
709 2633 848 2707 caerula
862 2631 966 2705 unda
981 2643 1176 2706 strenuum
1189 2627 1237 2705 ad
1252 2630 1490 2723 Morvenem‚

371 2771 482 2846 Tunc
501 2771 721 2846 recordatus
740 2784 799 2847 est
816 2797 887 2846 rex
907 2771 1027 2844 lilium
1045 2795 1178 2861 suum;

375 2911 613 2987 Ceciderunt
631 2910 747 2988 tacite
765 2937 788 2984 a
805 2911 987 2986 centuriis
1006 2913 1207 3011 lacrymae:

373 3052 658 3128 Invocaverunt
676 3051 786 3125 bardi
805 3063 984 3128 cantuum
1002 3053 1119 3129 ternis
1137 3051 1286 3128 vicibus

373 3192 485 3292 Apud
500 3215 682 3268 cavernas
700 3190 929 3290 frigidomm
946 3193 1132 3268 fluctuum
1150 3207 1342 3269 vastorum

373 3332 548 3406 Animam
568 3331 754 3430 Colgaris,
774 3331 955 3433 principis
972 3333 1094 3432 asperi
1112 3333 1359 3410 victoriarum

373 3471 432 3546 Ad
452 3497 538 3546 auos
557 3472 674 3546 colles
692 3470 715 3546 a
731 3472 832 3546 terra
849 3472 906 3547 sui
927 3473 1155 3550 certaminis.

373 3613 536 3688 Audivit
552 3611 615 3686 ille
634 3637 698 3688 eos
717 3611 757 3686 in
775 3639 843 3688 suo
860 3637 1000 3714 vapore
1017 3613 1137 3706 tardo,

374 3752 507 3829 Posuit
520 3751 676 3829 Trathal
695 3753 778 3854 ejus
796 3755 969 3852 gladium
989 3755 1029 3831 in
1048 3759 1222 3851 caverna,

378 3896 623 3995 (Materiem)
644 3895 939 3973 instrumentum
957 3899 1082 3974 solatii
1101 3900 1182 4000 ejus
1200 3900 1279 3976 filio
1295 3899 1335 3975 in
1353 3911 1485 3978 morte.

428 4037 503 4112 “O
524 4036 677 4138 Colgar,
698 4039 751 4112 fili
768 4037 994 4130 Trathalis‚”
1013 4039 1116 4116 dixit
1133 4041 1260 4132 Folan,

380 4177 507 4252 “Fuit
524 4177 646 4277 gloria
663 4177 734 4252 tibi
757 4179 896 4279 (apud)
918 4179 1018 4256 inter
1033 4179 1217 4274 homines,
1238 4194 1279 4258 te
1293 4182 1463 4284 juvene;

377 4315 488 4390 Haud
506 4316 657 4416 aspexit
673 4341 741 4392 rex
760 4343 886 4392 meum
903 4319 1086 4419 gladium,
1330 4323 1492 4424 [campo.

376 4457 455 4544 Qui
484 4470 567 4532 erat
592 4483 796 4534 coruscans
825 4462 986 4560 (nuper)
1017 4463 1057 4536 in
1084 4461 1159 4539 hoo
1186 4478 1358 4566 tempore
1385 4491 1498 4568 super

375 4598 463 4674 Sum
482 4623 556 4698 ego
574 4625 789 4676 commeans
808 4601 919 4677 simul
937 4625 1025 4676 cum
1047 4602 1199 4702 (turba)
1220 4606 1361 4706 populo

375 4737 426 4814 Et
442 4753 640 4816 revertens
658 4767 746 4818 curn
764 4743 927 4820 victoria
943 4742 1024 4818 sine
1042 4741 1175 4842 gloria·

424 4905 523 4958 rou.
547 4905 600 4957 11.
907 4909 927 4958 a
