4184 5998
363 761 399 811 v.
416 737 600 822 lus-495.
805 732 1035 816 TEMORA.
1410 741 1481 808 303

363 959 531 1045 Quando
547 957 761 1034 occultatus
779 967 839 1030 est
853 955 953 1030 filius
968 954 1068 1028 Semi
1087 954 1157 1029 sub
1173 953 1287 1046 nube,

363 1099 409 1173 ln
427 1099 506 1198 ripa
524 1097 637 1196 Legae
656 1095 849 1172 fuscorum
867 1097 1107 1172 fluentomm.

364 1239 452 1314 Fuit
469 1237 640 1338 lugubris
658 1236 821 1312 narratio
838 1236 886 1311 ab
903 1237 1068 1313 Althane
1086 1264 1192 1332 cano,

363 1379 455 1480 Ejus
474 1379 572 1454 ciliis
590 1378 832 1454 mittentibus
850 1379 1026 1454 deorsum
1043 1381 1240 1480 lacrymas,

366 1521 530 1608 Quando
548 1521 698 1594 locutus
717 1533 775 1594 est
793 1520 949 1618 egregie
967 1521 1116 1598 bardus.

416 1668 442 1706 “
459 1661 543 1736 Sole
560 1661 659 1736 flavo
677 1661 902 1736 sublucente
920 1660 1023 1736 circa
1039 1661 1192 1754 Duram,

365 1803 472 1880 Cano
490 1827 646 1904 vespere
663 1801 871 1901 incipiente
894 1827 944 1877 ex
963 1803 1132 1896 adverso,

360 1945 534 2020 Tremuit
551 1946 660 2044 sylva
676 1944 715 2018 in
734 1944 938 2019 circuitum
955 1945 1124 2020 Temorae

363 2085 440 2158 Sub
458 2098 586 2175 vento,
608 2086 673 2184 qui
693 2086 907 2162 variabatur
923 2087 1026 2162 circa
1041 2097 1239 2176 saxetum;

365 2225 549 2300 Collectae
567 2237 656 2300 sunt
672 2228 792 2303 nubes
811 2239 901 2302 atrae
916 2225 1067 2326 frigidae
1085 2227 1125 2301 in
1141 2224 1356 2316 occidente,

365 2365 495 2442 Rutila
512 2367 623 2440 stella
639 2367 710 2442 sub
728 2391 856 2442 earum
873 2369 942 2443 alis
959 2381 1164 2468 surgente:

365 2508 515 2583 Stabam
536 2532 609 2607 ego
626 2510 727 2584 solus
745 2533 858 2607 super
875 2509 1097 2586 declivitate
1115 2507 1303 2584 montium

366 2649 525 2742 Intupus
543 2661 735 2749 spectrum
753 2675 867 2750 super
884 2651 1156 2749 fusca-(facie)
1178 2651 1371 2727 coelorum.

366 2791 534 2866 Fuerunt
553 2791 633 2890 ejus
651 2815 778 2890 passus
796 2789 924 2888 magui
941 2790 964 2866 d
981 2791 1080 2866 colle
1098 2792 1138 2866 in
1157 2791 1306 2881 collem,

368 2929 515 3031 Clypeo
532 2931 611 3004 lato
629 2929 709 3006 sine
727 2930 854 3006 colore
872 2956 986 3032 super
1003 2931 1084 3033 ejus
1102 2933 1234 3007 latere.

366 3071 402 3145 Is
418 3085 499 3146 erat
517 3071 614 3146 filius
633 3071 731 3146 Semi
749 3070 996 3146 victoriarum
1006 3100 1017 3163 ;

367 3211 523 3313 Optime
542 3226 623 3288 erat
638 3224 729 3287 nota
745 3212 837 3286 mihi
855 3213 1042 3288 tetricitas
1061 3212 1266 3288 bellatoris.

367 3355 612 3454 Demigravit
628 3355 693 3429 ille
710 3354 750 3427 in
765 3379 833 3428 suo
851 3353 1004 3428 flamine
1025 3353 1162 3454 ipsius3

368 3496 455 3571 Fuit
472 3495 598 3594 caligo
616 3495 696 3569 siue
715 3493 997 3568 scintilla-lucis
1016 3493 1276 3571 circumcirca.

370 3637 526 3713 Cecidit
543 3661 648 3710 meus
666 3634 813 3709 animus
831 3635 901 3708 sub
919 3635 1066 3710 luctum
1083 3635 1164 3710 sine
1182 3635 1243 3727 vi;

368 3778 541 3854 Processi
560 3802 633 3877 ego
651 3775 700 3850 ad
717 3775 838 3848 aulam
856 3776 1052 3866 undarum,

358 3891 501 3994 ¹Aulam
519 3909 750 3992 concharum
769 3919 960 3994 sonituum
979 3919 1234 4021 hospitalium.

367 4061 478 4135 Mille
497 4059 660 4134 lucernis
677 4061 920 4159 surgentibus
934 4061 1020 4152 alte,
1075 4143 1079 4157 ‚

367 4201 417 4275 Et
433 4201 545 4301 pleud
562 4201 734 4276 centuria
752 4202 953 4277 bardorum
971 4201 1215 4294 subchordd,

368 4341 498 4416 Stabat
516 4341 722 4418 Cormacus
740 4343 780 4417 in
798 4369 928 4418 eorum
945 4345 1073 4418 medio
1091 4369 1198 4442 aeque
1214 4343 1374 4444 pulcher

366 4483 423 4558 Ac
441 4508 541 4557 nova
557 4483 667 4559 stella
683 4483 807 4558 oriens
824 4485 864 4558 in
882 4487 990 4577 coelo,

369 4622 533 4708 Quando
550 4625 736 4724 prospicit
752 4649 797 4699 ea
814 4624 853 4700 in
873 4626 1015 4726 gaudio
1026 4625 1238 4724 ¹tranquillo

367 4761 402 4836 A
419 4776 530 4862 tergo
547 4764 735 4840 clivorum
753 4791 1021 4868 vaporosorum
1042 4767 1082 4841 in
1102 4767 1260 4858 oriente,
