4194 6006
398 813 437 869 v.
458 799 636 879 rou-129.
851 788 1058 864 FINGAL.
1185 829 1188 832 ·

397 1012 555 1088 Etiamsi
573 1012 623 1088 sit
639 1013 800 1088 honesta
816 1011 898 1087 sine
915 1011 1000 1086 labe
1020 1012 1102 1113 ejus
1119 1010 1253 1102 forma,

397 1151 488 1254 Ejus
506 1166 616 1230 scuto
632 1153 882 1252 umbonigero
899 1164 1062 1227 extenso
1079 1153 1127 1229 ad
1146 1153 1227 1254 ejus
1244 1153 1354 1245 latus,

398 1294 449 1369 Et
464 1294 572 1370 hastt
589 1297 708 1370 instar
724 1295 869 1371 arboris
888 1296 929 1370 in
946 1307 1087 1369 monte.
1198 1317 1199 1322 ’

396 1433 421 1510 J
424 1433 700 1526 wenis-heros,
723 1434 831 1534 cujus
849 1445 940 1508 trux
959 1445 1018 1507 est
1036 1432 1289 1534 species-oris,

395 1578 457 1652 An
474 1576 594 1652 hostis
613 1603 700 1654 cum
716 1575 804 1650 odio
823 1573 905 1673 (es)
925 1585 968 1648 tu
986 1574 1081 1650 mihi
1099 1575 1170 1677 ipsi
1183 1579 1226 1652 ?'’

450 1719 594 1794 “Veni
613 1743 686 1817 ego
706 1741 727 1792 e
745 1712 942 1806 Lochline,
963 1741 986 1789 o
1004 1715 1192 1818 princeps,

396 1858 466 1934 Est
482 1859 648 1934 validum
667 1883 793 1934 meum
813 1870 964 1934 scutum
980 1858 1021 1932 in
1038 1859 1236 1934 conflictu.

398 1998 468 2074 Est
483 2025 589 2075 meus
607 2025 713 2074 amor
727 2001 959 2100 lacrymosus
979 1998 1020 2073 in
1038 1999 1152 2092 clivo,

398 2141 511 2215 Haud
530 2141 665 2216 redibo
683 2165 757 2241 ego
775 2141 822 2216 ad
840 2141 997 2242 capillos
1016 2141 1367 2218 aureae-caesariei.”

449 2289 475 2325 ‘¹
493 2280 666 2356 Cedesne
686 2293 738 2374 tu,
759 2307 807 2356 an
826 2281 990 2384 accipies
1010 2293 1053 2358 tu
1071 2296 1264 2360 certamen
1278 2285 1320 2358 ?”
1417 2333 1418 2336 =

398 2421 532 2521 Inquit
550 2423 683 2522 Fingal
701 2448 927 2522 magnorum
944 2423 1171 2500 facinorum.

403 2563 535 2636 “Non
553 2573 612 2638 est
629 2563 793 2638 victoria
809 2564 913 2639 hosti
932 2564 972 2639 in
990 2589 1074 2640 meo
1092 2577 1324 2667 conspectu3

399 2703 489 2776 Nou
508 2713 596 2777 sunt
611 2701 773 2778 humiles
789 2704 864 2778 mei
886 2705 1011 2796 amici,
1031 2707 1219 2807 princeps.

398 2843 563 2941 Sequere
582 2853 625 2918 tu
640 2869 713 2934 me,
732 2843 845 2919 heros
862 2845 1058 2938 undarum,

397 2983 449 3058 Et
467 2985 599 3084 accipe
618 2985 793 3060 solatium
811 2986 852 3060 in
869 2987 970 3061 colle
988 2987 1195 3086 epulorum.
1337 3015 1344 3020 ··

399 3124 519 3200 Mitte
537 3125 577 3198 in
594 3123 726 3224 fugam
744 3127 1036 3226 veloces-pedes
1048 3127 1161 3228 jugi3

398 3267 490 3342 Esto
508 3266 652 3342 amicus
670 3265 771 3341 haud
790 3267 928 3340 debilis
946 3267 1069 3366 regi.”

451 3412 475 3447 “
493 3406 608 3481 Haud
626 3409 731 3499 ero‚’'
749 3418 809 3481 est
827 3406 930 3505 quod
950 3405 1148 3506 respondit
1164 3406 1352 3509 princeps.

401 3551 425 3589 “
444 3545 542 3621 Cum
559 3547 780 3622 infirmitate
797 3545 873 3620 fuit
891 3571 1042 3646 semper
1057 3571 1143 3621 mea
1159 3573 1302 3640 manus,

293 3789 294 3792 Ἴ
397 3688 491 3762 Meo
510 3685 728 3764 duro-ferro
746 3688 827 3764 sine
843 3687 1068 3789 compariin
1086 3688 1199 3764 clivo.
1292 3693 1293 3696 ’

399 3829 527 3916 Quare
542 3853 622 3904 non
639 3830 754 3905 cedat
770 3831 947 3932 princeps
964 3854 1051 3904 meo
1069 3828 1199 3929 gladio
1211 3831 1253 3904 ?”

451 3976 476 4012 “
493 3970 739 4064 Adolescens,
760 3997 839 4046 non
856 3973 953 4048 cessi
972 3996 1046 4072 ego
1064 3995 1243 4069 unquam,

398 4109 449 4185 Et
465 4135 544 4184 non
560 4111 694 4186 cedam
712 4109 859 4185 homini
878 4111 945 4208 qui
964 4125 1022 4187 est
1039 4111 1163 4186 vivus.

398 4250 511 4351 Elige
529 4264 572 4328 tu
590 4277 640 4327 ex
660 4276 744 4326 mea
761 4252 957 4352 progenie,
978 4255 1168 4354 princeps,

399 4391 656 4468 Numerosum
675 4407 733 4469 est
749 4419 875 4470 meum
893 4421 1023 4471 semen
1042 4407 1083 4472 et
1100 4396 1277 4498 ingens.''

453 4541 478 4575 “
494 4533 555 4610 An
572 4545 725 4610 recusat
741 4559 814 4611 rex
832 4537 912 4638 ipse
930 4561 1097 4640 pugnam
1109 4539 1152 4614 ?’'

400 4673 516 4751 Dixit
532 4675 625 4753 Orla
641 4677 833 4754 fuscorum
851 4689 1070 4771 scutorum3

404 4820 429 4857 “
446 4815 517 4894 Est
533 4817 668 4924 Fingal
684 4843 837 4920 compar
848 4820 998 4920 juveni,
1093 4829 1104 4840 ”
