4224 5996
380 810 417 863 v.
434 793 616 863 tlt-las.
805 777 1013 855 FINGAL.

383 1007 579 1082 Convenit
596 1001 757 1080 Lochlin
774 1001 814 1075 in
833 999 936 1076 Lena
954 997 1076 1073 ericae.

382 1145 634 1222 Consedimus
651 1169 719 1218 nos
738 1143 840 1218 circa
856 1138 1018 1215 citharas
1036 1141 1231 1238 elegantes

381 1286 441 1361 Ad
461 1287 649 1362 Lubarem
666 1285 810 1361 lenium
827 1305 1007 1380 aquarum
1025 1280 1261 1356 blandarum.

384 1427 472 1502 Fuit
489 1451 557 1501 rex
578 1427 644 1525 qui
662 1435 744 1499 erat
760 1423 992 1524 propinquus
1012 1423 1102 1496 colli

383 1567 611 1642 Auscultans
629 1589 800 1641 canoram
818 1562 1017 1637 historiam
1034 1560 1261 1653 bardorum3

384 1707 471 1782 Fuit
487 1707 692 1807 progenies
709 1729 934 1804 magnorum
952 1701 1163 1778 facinorum
1181 1703 1222 1776 in
1239 1703 1428 1797 cantione,

385 1847 557 1946 Quisque
574 1847 737 1922 bellator
755 1845 864 1945 cujus
887 1855 972 1918 erat
983 1845 1289 1943 antiquissimum
1307 1871 1471 1923 carmen.

384 1987 500 2087 Super
516 2013 624 2062 suum
643 1988 823 2088 clypeum
841 1985 918 2060 fuit
935 1985 1134 2061 inclinatio
1153 1985 1276 2086 regis;

385 2128 475 2242 Erat
492 2129 628 2204 flamen
645 2128 760 2202 saltus
778 2127 818 2200 in
836 2127 917 2227 ejus
935 2126 1083 2226 capillo

385 2269 604 2369 Cogitantis
621 2269 670 2343 de
688 2267 824 2342 diebus
842 2265 1101 2356 conflictuum,

383 2408 570 2510 Tempore
588 2435 664 2509 quo
681 2409 840 2483 fuerunt
857 2405 958 2482 haud
977 2406 1118 2482 sinistri
1136 2405 1335 2508 principes.

383 2547 506 2624 Juxta
523 2555 604 2649 ejus
621 2549 720 2622 latus
737 2559 863 2622 astans
880 2547 928 2620 ad
947 2547 1119 2622 arborem

385 2688 477 2764 Erat
493 2689 614 2763 Oscar
632 2689 794 2762 telorum
813 2689 1054 2781 eximiorum,

385 2827 510 2902 Oculo
529 2851 639 2902 verso
657 2827 705 2901 ad
723 2852 854 2927 regem
872 2828 1068 2904 Morvenis
1085 2829 1284 2920 montium,

386 2967 437 3043 Et
453 2969 579 3044 animo
597 2969 679 3069 ejus
697 2963 802 3043 circa
819 2966 900 3066 ejus
919 2966 1088 3043 facinora
1103 2993 1252 3068 magna.

340 3180 345 3190 ,
440 3116 463 3152 “
481 3109 583 3182 Nate
600 3133 686 3182 meo
704 3107 834 3197 nat0,’'
852 3107 928 3182 fuit
946 3109 985 3182 id
1005 3109 1107 3205 quod
1125 3108 1228 3182 dixit
1245 3135 1325 3199 rex,

391 3255 415 3290 “
431 3249 551 3322 Oscar
568 3247 783 3321 certaminis
800 3247 841 3319 in
858 3260 924 3320 tua
935 3248 1154 3346 juventute,

386 3388 477 3462 Vidi
497 3400 603 3460 tuum
622 3387 790 3486 gladium
806 3387 908 3462 haud
925 3387 1076 3462 mollem
1091 3413 1102 3478 3

389 3528 477 3604 Fuit
493 3553 577 3601 mea
593 3528 772 3628 superbia
788 3529 891 3604 circa
904 3551 1026 3604 meam
1044 3529 1268 3629 progeniem
1286 3553 1474 3628 magnam.

388 3671 540 3744 Sectare
558 3681 601 3742 tu
618 3669 778 3768 gloriam
797 3693 927 3743 eorum
943 3669 1008 3766 qui
1027 3694 1067 3744 se
1086 3669 1369 3745 inclinaverunt
1382 3669 1502 3766 [occi-

389 3810 497 3884 Sicut
514 3809 571 3883 tui
589 3809 720 3909 proavi
739 3811 788 3885 sis
807 3822 848 3884 tu
868 3809 960 3908 ipse,
1309 3810 1478 3908 [derunt]
1489 3841 1499 3904 ;

388 3951 445 4027 Ut
461 3951 654 4043 Trenmor,
677 3952 820 4052 primus
837 3951 1013 4051 princeps
1030 3949 1200 4044 heroum,

389 4089 446 4166 Ut
461 4089 626 4182 Trathal‚
648 4093 825 4191 egregius
842 4103 949 4191 pater
966 4101 1219 4174 strenuorum.
1371 4092 1502 4190 [lium;

390 4231 436 4304 In
447 4255 514 4304 sua
518 4233 726 4332 juventute
740 4233 1043 4330 [commiserunt]
1055 4245 1327 4334 percusserunt
1338 4235 1393 4308 illi
1405 4259 1503 4336 proe·

389 4371 436 4446 In
455 4372 682 4448 carminibus
701 4373 901 4448 bardorum
920 4385 978 4448 est
995 4397 1126 4448 eorum
1144 4375 1235 4450 laus.

390 4511 483 4586 Esto
500 4523 543 4585 tu
560 4527 604 4586 ut
620 4513 761 4588 flumen
778 4525 912 4588 contra
929 4515 1115 4605 eximi0s3

389 4649 531 4724 Versus
547 4651 786 4729 debilitatem
803 4655 966 4728 telorum
982 4681 1088 4753 aeque
1106 4655 1210 4730 mitis

389 4791 446 4868 Ac
464 4817 555 4868 aura
570 4805 772 4870 ventorum
792 4821 904 4895 super
922 4797 1047 4895 agello
1064 4795 1280 4872 herbarum.
