4172 5982
349 796 386 848 v.
412 782 594 860 aro-295.
821 773 1027 849 FINGAL.

348 991 399 1066 Et
415 991 525 1069 heros
543 993 644 1068 haud
664 993 879 1069 imbecillus
898 992 1051 1069 Carber.

349 1131 419 1207 Est
437 1134 587 1208 Morlan
607 1134 646 1208 in
664 1134 934 1234 sempiternum
953 1135 1022 1210 sub
1040 1159 1183 1228 somno,

348 1275 554 1352 Tremuisti
572 1289 614 1352 tu
636 1276 703 1351 sub
721 1287 854 1366 morte,
876 1274 1001 1366 Culta,

350 1413 438 1488 Fuit
456 1429 544 1490 tuus
562 1416 714 1514 sanguis
733 1416 772 1489 in
791 1428 858 1489 tuo
877 1414 979 1490 collo
997 1413 1171 1507 candido,

348 1543 453 1630 Tuu's
471 1557 627 1656 capillus
645 1558 765 1631 flavus
782 1555 822 1630 in
839 1559 920 1632 solo
940 1582 1099 1658 sparsus.

350 1695 398 1770 In
415 1696 511 1787 loco,
531 1721 607 1794 quo
624 1696 767 1772 cecidit
783 1695 905 1788 heros,

350 1834 453 1934 Saepe
472 1835 649 1934 exposuit
665 1836 730 1910 ille
749 1835 787 1908 in
804 1848 934 1936 aperto
952 1836 1115 1936 epulum,
1248 1927 1251 1932 A

350 1975 454 2076 Saepe
471 1976 491 2048 ὲ
510 1972 656 2049 cithara
674 1977 863 2075 expressit
879 1977 944 2050 ille
962 1978 1105 2068 modos,

352 2113 519 2190 Canibus
539 2115 620 2215 ejus
640 2117 827 2191 venaticis
847 2117 1003 2192 ineolle
1021 2117 1256 2209 latrantibus,

352 2255 517 2341 Quando
529 2255 693 2355 juvenes
712 2268 956 2358 angustarum
975 2258 1129 2332 vallium

350 2397 604 2497 Imponehant
619 2423 779 2472 nervum
800 2423 904 2473 ramo
924 2400 1148 2475 venationis.

400 2539 574 2612 Perrexit
590 2538 781 2630 sumanus,
803 2563 874 2612 rex
894 2540 1150 2629 victoriarum,

350 2677 408 2752 Ut
423 2703 603 2776 magnum
621 2679 762 2754 flumen
780 2678 964 2778 frigidum
982 2680 1218 2756 desertorum
1235 2681 1423 2759 montium

353 2819 517 2906 Quando
534 2821 613 2894 ruit
632 2821 788 2920 crepido
807 2845 875 2920 per
893 2821 973 2921 ejus
991 2821 1284 2916 vehementiam,

353 2959 403 3035 Et
420 2961 537 3034 moles
554 2972 759 3034 moventur
776 2945 816 3034 in
834 2961 944 3036 valle.

353 3100 469 3174 Stetit
487 3098 666 3173 Cucullin
684 3109 861 3172 strenuus
879 3112 1126 3191 cumcontra,

352 3238 410 3315 Ut
427 3236 727 3339 promontorium
741 3238 878 3336 ingens
892 3238 994 3313 cirea
1008 3240 1110 3336 quod
1129 3238 1320 3338 spargitur
1336 3239 1453 3314 nubes
1467 3267 1475 3314 :

352 3379 423 3454 Est
439 3377 534 3452 lusio
552 3379 660 3452 venti
680 3377 781 3452 circa
799 3375 879 3476 ejus
898 3376 1106 3475 scopulum,

352 3521 400 3595 In
418 3513 550 3621 pineto
569 3520 726 3594 excelso
744 3519 785 3591 in
802 3517 920 3591 latere
938 3515 1041 3604 clivi,

355 3660 724 3761 Lapillis·grandinis
742 3655 1040 3733 subsultantibus
1057 3656 1096 3730 in
1115 3656 1238 3748 saxis3

355 3802 464 3877 Stant
481 3825 572 3875 saxa
586 3801 627 3874 in
645 3799 786 3874 viribus
806 3799 880 3873 suis
898 3795 1058 3872 sublime

356 3941 569 4018 Praebentia
586 3953 742 4038 tegmen
758 3939 1009 4038 tepidae-valli
1029 3937 1156 4014 Conae.

407 4081 468 4156 Sic
487 4082 621 4154 itidem
638 4080 714 4154 fuit
731 4078 910 4154 Cucullin
927 4077 1174 4155 victoriarum

357 4221 533 4296 Praebens
549 4221 756 4319 suffugium
773 4221 913 4320 populo
930 4219 1069 4296 Iemes.

358 4359 483 4436 Instar
499 4362 617 4436 fontis
634 4360 775 4461 placidi
793 4361 859 4458 qui
879 4359 1042 4436 effundit
1059 4359 1192 4452 rivum,

358 4499 509 4575 Effusus
527 4512 586 4576 est
601 4501 753 4600 sanguis
772 4499 874 4574 circa
888 4497 1054 4576 heroem.

234 4780 239 4790 Ι
364 4714 419 4771 and
433 4713 510 4790 quite
522 4714 625 4792 foreign
640 4724 669 4772 to
685 4713 732 4772 the
742 4715 852 4775 Gaelic.
878 4721 897 4752 “
909 4713 996 4774 Thuit
1007 4713 1123 4773 curaidh
1137 4715 1210 4774 nach
1226 4715 1352 4776 b'fhaoin
1365 4736 1420 4778 ann
1434 4739 1473 4782 sn.

364 4817 481 4876 Cairbre
489 4818 516 4888 ;”
536 4823 557 4856 “
569 4821 596 4877 A
610 4817 716 4897 mighty
730 4818 880 4898 champion
895 4819 941 4878 fell
954 4819 984 4877 in
997 4819 1131 4890 Curber,''
1143 4820 1167 4878 is
1179 4820 1333 4898 altogether
1346 4821 1469 4900 English.
