4224 5996
401 795 439 848 v.
457 781 639 860 arr-sos.
859 771 1066 890 FINGAL.
1170 871 1173 878 Ι
1453 785 1522 856 ras

402 1003 427 1038 ‘⁸
444 997 539 1072 Sunt
555 995 706 1098 plurimi
723 994 801 1071 mei
818 993 955 1070 heroes
972 994 1012 1068 in
1029 995 1121 1087 solo,

398 1135 595 1236 Principes
608 1135 748 1226 Iernes,
766 1159 926 1232 quorum
942 1133 1019 1210 fuit
1030 1134 1198 1210 maxime
1211 1135 1353 1213 decora
1365 1137 1523 1238 species,

398 1277 433 1350 Ii
452 1277 518 1376 qui
536 1245 692 1352 fuerunt
707 1277 848 1351 alacres
867 1275 908 1348 in
925 1276 1020 1367 auls,

400 1417 566 1504 Quando
584 1429 688 1492 ortus
706 1429 765 1492 est
782 1441 896 1490 sonus
914 1417 1161 1514 poculorum:

399 1559 512 1633 Haud
531 1583 684 1636 cernam
702 1583 776 1657 ego
793 1557 833 1631 in
852 1569 1034 1632 aetemum
1053 1581 1183 1668 eorum
1200 1581 1352 1657 gressus

398 1700 446 1776 In
464 1700 567 1776 eries
584 1725 697 1800 super
713 1699 813 1774 facie
831 1696 1083 1796 [acclivitate]
1096 1696 1340 1780 nimborum:

400 1843 511 1917 Haud
532 1842 680 1917 audiam
699 1867 773 1942 ego
792 1865 922 1916 eorum
941 1862 1083 1912 vocem*
1096 1838 1137 1914 in
1154 1841 1359 1918 venatione

398 1984 459 2059 Ad
477 1983 601 2058 rivum
619 1982 817 2058 rubramm
835 2003 1056 2080 caprearum
1073 1979 1114 2053 in
1125 1978 1247 2080 jugo;

399 2124 548 2216 Pallidi,
568 2107 688 2212 taciti,
709 2133 750 2200 et
767 2122 929 2196 humiles
948 2121 1136 2196 incorum
1154 2145 1287 2196 somno

398 2265 423 2340 J
427 2276 581 2342 acentes
598 2263 678 2340 sine
695 2263 782 2338 face
800 2275 890 2338 suut
906 2261 983 2337 mei
1001 2261 1127 2337 amici.

400 2406 436 2480 Ο
453 2407 567 2482 larva
584 2406 730 2481 debiles
748 2415 984 2480 mortuorum
1000 2401 1172 2493 heroum,

400 2546 604 2622 Occurrite
621 2545 662 2620 in
680 2545 781 2620 crica
798 2545 892 2620 mihi
911 2544 992 2644 ipsi,

401 2687 567 2774 Quando
586 2687 756 2762 flectitur
775 2686 887 2760 arbor
903 2685 1015 2760 Tura
1035 2685 1104 2760 sub
1124 2695 1254 2777 vento,

399 2825 451 2902 Et
468 2839 527 2902 est
543 2829 691 2902 sonitus
708 2826 909 2901 horrificus
928 2825 968 2899 in
985 2823 1088 2900 facie
1105 2825 1258 2902 montis.

398 2967 423 3042 J
426 2969 545 3043 acebo
563 2969 698 3068 procul
714 2969 816 3044 ultra
833 2979 874 3044 et
888 2967 1042 3043 humilis

399 3107 489 3183 sane
506 3071 869 3186 massua-verbi
890 3109 1154 3186 antemna
1172 3109 1332 3208 [aarum

400 3249 491 3342 Non
508 3263 641 3350 surget
658 3249 752 3324 mihi
771 3275 905 3324 saxum
924 3275 996 3324 nec
1015 3253 1182 3325 tumulus

400 3389 461 3464 Ad
479 3415 582 3464 oram
601 3391 796 3482 fluctuum,
818 3401 884 3464 aut
902 3390 942 3464 in
960 3392 1071 3466 valle.

399 3529 493 3606 Esto
510 3543 655 3622 moesta,
677 3557 737 3606 me
756 3526 952 3607 existente
970 3529 1072 3606 inter
1086 3543 1267 3623 mortuos,

399 3673 570 3772 Bragela,
591 3675 700 3773 cujus
719 3687 778 3750 est
796 3674 1089 3750 formosissimus
1107 3673 1279 3774 capillus,

399 3812 492 3889 Esto
510 3825 655 3905 moesta,
676 3839 760 3888 mea
777 3815 901 3913 gloria
917 3817 1082 3891 abeunte
1098 3819 1137 3890 !’'

449 3956 511 4030 Sic
530 3956 681 4031 locutus
700 3968 759 4029 est
776 3955 965 4056 princeps,

400 4095 499 4174 Cum
516 4097 702 4196 [reliquit]
718 4096 847 4196 posuit
865 4096 929 4172 ille
946 4097 1091 4172 clivum
1109 4097 1156 4172 ad
1176 4105 1340 4197 tergum.

450 4239 559 4338 Rege
578 4241 618 4313 in
636 4241 702 4314 sua
717 4263 816 4312 nave
834 4263 918 4337 quae
937 4251 1018 4314 erat
1036 4238 1164 4314 valida
1181 4239 1332 4330 eximia,
1479 4255 1485 4266 ’

401 4379 650 4456 Extendente
667 4381 871 4456 admodum
890 4405 994 4456 suam
1012 4380 1183 4456 hastam:
1458 4344 1463 4356 Ι

401 4518 493 4594 Erat
506 4522 592 4622 ‘ejus
609 4524 914 4598 dura-armatura
930 4537 975 4600 ut
992 4523 1143 4598 flamma
1160 4549 1272 4625 super
1289 4523 1470 4626 scopulo;

401 4658 527 4734 Verus
544 4663 705 4738 nuncius
722 4663 857 4738 mortis
876 4689 987 4765 super
1003 4665 1173 4766 planitie,

402 4799 568 4888 Quando
588 4805 695 4880 cedit
711 4831 822 4908 super
840 4807 1065 4884 Malmorem
1084 4807 1194 4883 cricoe
