4172 5982
391 793 429 848 v.
450 769 637 856 seu-493.
861 761 1068 846 FINGAL.
1468 781 1516 854 39

391 994 507 1081 Quod
526 992 691 1094 assurgit
709 1019 853 1069 sursum
872 993 1070 1092 eleganter
1088 999 1129 1066 et
1147 990 1265 1082 tarde,

390 1135 516 1211 Instar
533 1134 630 1211 radii
647 1135 737 1210 solis
755 1159 866 1236 super
879 1130 1310 1233 tranquilla-solitudine
1324 1131 1538 1224 montium

393 1277 559 1369 Cecidit,
579 1277 656 1354 hoc
674 1287 870 1354 momento
889 1275 1036 1354 cecidit
1051 1274 1116 1349 ille
1134 1274 1174 1350 in
1192 1275 1289 1368 acie,

391 1419 462 1497 Est
473 1422 629 1522 juvenis
647 1422 706 1496 tui
724 1419 907 1496 desiderii
926 1416 1008 1494 sine
1025 1441 1138 1492 sensu

391 1559 467 1636 Sub
486 1561 565 1635 telo
585 1559 797 1636 Cucullinis
815 1560 880 1659 qui
899 1570 959 1634 est
976 1557 1192 1632 eximius-—

393 1700 498 1787 Quid
519 1701 689 1778 reddidit
706 1713 747 1776 te
766 1713 843 1776 tam
862 1699 1040 1799 pallidam
1059 1725 1103 1774 ae
1121 1698 1332 1798 frigidam?

389 1841 481 1916 Non
498 1841 733 1916 movebit-se
752 1839 816 1915 ille
835 1840 876 1914 in
895 1839 1181 1940 dura-pericule
1196 1865 1375 1938 unquam,

389 1981 480 2055 Non
497 1981 691 2081 percutiet
708 1981 774 2056 ille
792 1981 1016 2082 sanguinem
1034 1980 1206 2056 nobilem
1223 1979 1461 2082 principum:

390 2121 548 2198 Cecidit
562 2123 714 2216 Trenar,
730 2122 887 2226 juvenis
903 2123 1058 2212 Trenar,
1079 2147 1200 2220 usque
1217 2122 1266 2196 ad
1283 2135 1469 2214 mortem3

388 2265 522 2366 Virgo,
542 2291 622 2342 non
640 2291 775 2344 cernes
793 2277 902 2342 tuum
919 2263 1150 2342 desiderium
1169 2265 1210 2339 in
1228 2277 1422 2340 aternum.

388 2407 485 2482 Sunt
503 2406 585 2508 ejus
605 2406 883 2484 canes-Gallici
900 2407 1080 2506 lugentes
1098 2405 1272 2507 graviter

387 2547 448 2622 Ad
467 2546 659 2648 oppidum,
685 2547 846 2648 (domi)
867 2559 908 2624 et
926 2561 1090 2624 cernunt
1107 2548 1163 2624 illi
1182 2549 1263 2650 ejus
1281 2562 1486 2650 spectrum.

387 2689 457 2764 Est
474 2690 557 2789 ejus
575 2713 683 2764 arcus
702 2689 784 2764 sine
801 2715 933 2782 nervo,
954 2702 1069 2790 atquc
1087 2692 1235 2783 nudus;

386 2829 434 2904 In
451 2829 600 2904 tumulo
619 2840 678 2904 est
695 2829 842 2906 sonitus
862 2831 942 2932 ejus
960 2834 1107 2910 mortis.

435 2972 543 3046 Sicut
560 2971 776 3050 funduntur
792 2973 897 3050 mille
915 2976 1053 3056 fluctus
1071 2975 1119 3051 ad
1138 2977 1258 3066 littus,

385 3117 488 3192 Moti
505 3131 595 3191 sunt
609 3095 682 3191 sub
699 3117 862 3194 Suarano
879 3116 1061 3193 advenae:

384 3259 491 3334 Sicut
509 3258 681 3334 occurrit
697 3259 806 3332 littus
825 3257 929 3332 mille
947 3259 1139 3350 fluctibus,

297 3449 302 3458 ·
384 3399 568 3476 Occurrit
584 3399 697 3473 Ieme
715 3398 880 3474 Suarano
897 3399 1064 3474 navium.

383 3543 482 3633 Illic,
505 3539 572 3616 ubi
591 3551 701 3615 erant
718 3563 835 3614 voces
852 3541 997 3631 mortis,

385 3681 573 3782 Strepitus
592 3681 993 3758 clamoris-conflictus
1012 3691 1053 3757 et
1069 3683 1402 3778 durae-armatura,

383 3826 501 3902 Scuta
518 3837 558 3900 et
571 3823 701 3898 loricae
718 3823 892 3898 laceratae
911 3822 952 3898 in
970 3824 1080 3916 terri,

383 3966 514 4042 Gladii
533 3965 573 4039 in
591 3966 697 4040 omni
714 3989 838 4055 manu,
859 3975 904 4041 ut
921 3962 1076 4063 fulgura
1091 3990 1214 4068 supra,

382 4106 570 4184 Fremitus
587 4091 712 4207 proelii
728 4103 752 4179 d
769 4106 888 4180 latere
909 4104 950 4180 in
968 4107 1079 4200 latus,

383 4247 588 4323 Certamen
606 4247 793 4346 mugiens,
814 4245 1052 4339 vulnificum,
1072 4247 1220 4341 ardens,

381 4391 506 4466 Instar
524 4401 679 4465 centum
696 4386 919 4462 malleorum
938 4388 1221 4466 excutientium
1239 4389 1369 4466 insane

380 4529 572 4606 Scintillas
590 4530 637 4604 ab
656 4529 795 4606 incude
814 4529 927 4604 rubrd
945 4530 1103 4608 alterne.

379 4668 547 4757 Quinam
565 4680 654 4746 sunt
671 4669 752 4746 illic
770 4670 811 4748 in
829 4671 934 4746 Leni
949 4672 1163 4750 montium?
1211 4673 1329 4770 [torvi
1347 4673 1500 4750 vultus?

381 4810 549 4896 Quinam
568 4836 728 4909 quorum
747 4825 836 4888 sunt
852 4811 1111 4890 obscurissimi
1130 4826 1170 4887 et
1187 4815 1354 4892 maxime
1372 4815 1444 4892 feri
1462 4829 1502 4892 et
