4172 5982
381 763 418 816 v.
440 749 569 818 18-45.
838 741 1047 818 FlNGAL.

381 965 515 1040 “Vidi
534 989 607 1064 ego
626 989 756 1041 eorum
775 964 957 1054 ducem,”
971 962 1076 1039 dixit
1094 963 1255 1056 Moran3

381 1113 405 1149 “
422 1107 491 1182 Est
508 1106 640 1181 similis
658 1106 742 1207 rupi
759 1105 946 1206 princeps,

377 1247 447 1322 Est
463 1247 572 1323 hasta
588 1248 706 1322 instar
723 1247 802 1348 pini
820 1247 861 1320 in
873 1247 1145 1348 jugo-montis,

378 1388 503 1463 Instar
520 1390 618 1464 lunae
636 1389 828 1488 'surgentis
848 1391 929 1486 ejus
949 1389 1128 1488 clypeus:

377 1529 542 1604 Sedebat
560 1529 624 1602 ille
643 1553 755 1629 super
772 1541 883 1604 caute
902 1528 942 1601 in
961 1527 1092 1602 littore

376 1668 433 1744 Ut
450 1669 590 1742 nebule
607 1693 690 1766 quae
709 1680 768 1742 est
787 1693 838 1741 ex
857 1665 1018 1741 adverso
1036 1692 1149 1768 super
1165 1674 1336 1745 monte.’'

380 1816 390 1852 ‘
408 1809 503 1884 Sunt
520 1833 739 1899 numerosae,
760 1833 783 1882 o
803 1804 1087 1906 caput-itineris
1106 1809 1350 1902 advenarum,

377 1949 515 2023 Manus
534 1947 763 2038 certaminis,
785 1971 869 2046 quae
887 1959 1051 2045 surgunt
1068 1958 1198 2024 tecum
1215 1950 1309 2050 ipso,

375 2089 509 2191 Asperi
527 2089 740 2178 bellatores,
756 2113 917 2185 quorum
930 2098 991 2163 est
1002 2088 1209 2202 sevissima
1221 2091 1343 2191 plaga,
1364 2089 1499 2189 [tium:

377 2228 428 2304 Et
444 2229 705 2304 acutissimum
724 2227 842 2302 telum
863 2227 964 2302 inter
983 2227 1195 2326 (facinora)
1216 2229 1403 2308 lusionem
1421 2230 1499 2308 for·

375 2369 429 2444 At
445 2380 534 2442 sunt
551 2368 826 2444 numerosiores
844 2367 979 2443 heroes
997 2371 1154 2461 strenui,

379 2510 457 2597 Qui
475 2510 989 2613 se·in·orbem·c0mponunt
1008 2511 1259 2586 circaTuram
1271 2517 1500 2590 ventorum.’

427 2651 642 2753 Respondit
658 2651 770 2729 heros
787 2665 832 2727 ut
848 2653 951 2727 unda
968 2676 1080 2750 super
1098 2653 1265 2755 scopulo,

382 2800 392 2836 ‘
410 2793 507 2881 Quis
526 2795 566 2869 in
583 2796 685 2870 terrt
701 2794 774 2869 hac
793 2807 853 2870 est
870 2819 936 2894 par
952 2792 1046 2869 mihi
1065 2793 1162 2893 ipsi?

376 2933 468 3010 Non
486 2936 642 3012 stabunt
660 2933 716 3012 tui
734 2935 869 3012 heroes
886 2933 927 3008 iu
944 2958 1030 3008 meo
1049 2948 1282 3036 conspectu3

377 3078 450 3152 Sed
470 3079 611 3153 cadent
628 3077 825 3152 humiliter
840 3076 910 3152 sub
929 3075 1014 3150 mes
1030 3101 1154 3152 manu.
1273 3132 1279 3145 .

377 3217 457 3294 Ubi
476 3219 541 3292 ille
559 3219 624 3317 qui
642 3231 820 3295 occurrat
836 3243 922 3293 meo
940 3220 1031 3309 telo,

377 3359 464 3434 Nisi
482 3359 627 3457 Fingal,
648 3382 717 3432 rex
736 3359 867 3432 Selmae
877 3357 1127 3436 nimborum?

379 3500 465 3592 Die,
488 3525 563 3597 quo
582 3498 756 3574 dedimus
773 3521 845 3572 nosw
861 3498 1144 3597 incomplexus
1162 3510 1313 3608 mutuos

378 3643 495 3742 Super
513 3641 713 3729 Malmore,
736 3651 777 3714 et
795 3637 872 3712 fuit
888 3647 1082 3713 strenuum
1101 3639 1305 3732 luctamen,

379 3782 536 3859 Cecidit
554 3783 663 3884 sylva
679 3781 749 3856 sub
767 3780 953 3855 conflictu
970 3779 1036 3877 qui
1054 3805 1132 3855 non
1150 3781 1336 3873 cedebat3

377 3926 647 4002 verterunt-se
666 3921 749 4012 rivi,
771 3932 811 3995 et
829 3919 1280 3998 tremuitssaxeamoles:

377 4068 471 4142 Tres
490 4067 572 4142 dies
591 4079 774 4140 renovata
791 4074 850 4138 est
867 4063 1041 4153 certatio,
1304 4067 1494 4166 [telorum.

379 4205 430 4282 Et
447 4207 686 4308 trepiddrunt
704 4206 916 4296 bellatores,
935 4205 999 4302 qui
1013 4217 1124 4280 erant
1135 4205 1266 4301 fortes,
1283 4207 1330 4282 ad
1346 4219 1498 4310 tergum

377 4349 425 4424 111
443 4361 589 4447 quarto,
611 4347 715 4422 dixit
732 4347 867 4447 Fingal
884 4371 965 4438 rex,

383 4496 393 4529 ‘
412 4487 569 4564 Cecidit
587 4489 762 4590 princeps
774 4489 914 4564 oceani
933 4489 972 4562 in
992 4488 1118 4564 valle!

384 4631 502 4705 ‘Non
521 4630 692 4724 cecidit,'
711 4643 770 4706 est
788 4630 890 4728 quod
908 4631 1087 4732 respondi
1105 4655 1179 4732 ego
1197 4631 1288 4735 ipse.

381 4771 506 4848 Cedat
524 4771 704 4849 Cucullin
720 4773 829 4850 heroi
