4184 5998
356 759 394 812 v.
416 737 602 823 692-719.
800 737 1032 814 TEMORA.
1303 769 1306 776 ·
1405 751 1476 826 319

357 961 449 1062 Ejus
470 961 742 1036 certaminibus
760 959 1087 1037 circumeuntibus
1104 961 1186 1061 ejus
1206 962 1377 1060 gloriam.

356 1103 514 1176 Animus
529 1103 698 1202 pusillus,
719 1103 819 1178 sicut
835 1103 972 1178 limbus
991 1103 1152 1202 vaporis,

355 1243 425 1318 Est
442 1243 615 1318 habitans
633 1245 736 1320 circa
750 1247 874 1320 lacum
893 1246 974 1320 sine
992 1257 1121 1320 vento.

356 1384 449 1460 Non
465 1386 640 1485 procedit
658 1387 723 1462 illc
741 1388 845 1463 circa
863 1367 1076 1488 praecipitia
1092 1412 1240 1486 magna,

256 1629 258 1636 y
357 1525 437 1601 Prae
455 1539 560 1600 metu
577 1553 626 1600 ne
645 1528 775 1602 veniat
793 1553 839 1602 eo
857 1553 995 1617 coram,
1016 1551 1105 1601 cum
1124 1525 1175 1600 sit
1193 1525 1340 1617 debilis,

358 1666 512 1741 Flamen
530 1667 726 1767 obliquum
746 1669 792 1744 ab
811 1670 1057 1758 extremitate
1075 1667 1285 1758 montium

355 1807 428 1880 Est
445 1807 527 1906 ejus
544 1807 732 1883 habitatio
751 1809 792 1882 in
809 1810 936 1884 medio
958 1811 1059 1910 rupis

359 1949 611 2048 Propellentis
631 1951 748 2024 telum
767 1951 907 2050 spectri
925 1951 1071 2026 mortis.

360 2089 429 2164 Est
446 2103 574 2164 nostra
585 2091 783 2190 juventus,
803 2115 827 2164 o
846 2091 1051 2166 bellatores
1070 2094 1226 2185 strenui,

361 2229 487 2304 Instar
504 2255 729 2330 proavorum
748 2255 899 2306 suorum
917 2231 988 2305 sub
1006 2231 1108 2306 famb

361 2371 408 2444 ln
426 2397 555 2446 eorum
569 2371 734 2472 juventa
749 2371 851 2445 inter
868 2372 1157 2446 contentionem
1172 2375 1379 2474 plagarum.

364 2511 603 2587 Ceciderunt
621 2512 677 2585 illi
697 2537 783 2586 cum
803 2513 943 2587 decore
962 2513 1002 2586 in
1020 2513 1209 2586 tellurem.

365 2651 433 2726 Est
450 2653 477 2726 F
479 2653 584 2752 ingal
603 2653 682 2754 ipsc
701 2654 740 2726 in
758 2654 993 2729 obscuritate
1011 2653 1116 2727 lenta

365 2793 558 2868 Annorum
583 2794 901 2894 (praeteritorum)
922 2789 1033 2866 ultri.
1079 2793 1141 2866 Ne
1160 2794 1292 2869 cadam
1311 2797 1401 2896 ipse,

364 2933 421 3008 Ut
438 2959 600 3032 quercus
617 2948 834 3007 transversa
851 2933 891 3006 in
909 2933 1034 3006 rivum
1054 2931 1119 3029 qui
1139 2945 1197 3007 est
1214 2949 1421 3034 angustus3

366 3075 412 3149 ln
431 3075 511 3174 ejus
530 3073 816 3174 propinquitate
832 3087 922 3147 sunt
939 3073 1105 3171 vestigia
1122 3075 1326 3168 venatoris,

366 3216 438 3290 Illa
456 3217 617 3289 extensb
633 3228 674 3289 et
691 3214 859 3289 marcida
881 3215 951 3290 sub
968 3241 1099 3316 aspero
1118 3229 1264 3308 vent03

366 3356 424 3432 Ut
442 3356 587 3432 cecidit
604 3333 713 3430 arbor
730 3354 812 3430 haec
829 3355 935 3456 ipsa!

368 3497 466 3572 Cum
484 3497 548 3571 ille
567 3497 796 3572 fistulat-ore
816 3510 855 3572 et
872 3498 1024 3598 prosilit
1040 3498 1141 3573 inter·
1157 3497 1385 3574 abeundum.

416 3638 586 3712 Tollatur
604 3663 748 3712 sursum
767 3650 911 3730 cantus,
933 3640 971 3713 in
992 3641 1120 3730 altum,

369 3777 513 3853 Cantus
532 3778 675 3852 laetitiae
694 3806 716 3853 ο
736 3780 844 3853 bardi
863 3781 1075 3856 Morvenis.

368 3919 591 4017 Imponatur
608 3919 753 3994 oblivio
772 3921 932 4020 tempori
953 3922 1056 4020 quod
1075 3921 1170 3996 abiit
1181 3949 1192 4013 ς
1221 3953 1228 3968 ·

369 4060 425 4134 Sit
442 4060 602 4158 quisque
621 4061 767 4135 animus
786 4062 888 4136 circa
906 4087 1077 4162 asperum
1096 4073 1300 4138 certamen.

369 4201 465 4274 Sunt
481 4202 599 4275 stellae
617 4201 872 4301 despicientes
890 4202 938 4276 de
955 4203 1067 4303 nube,

370 4339 416 4413 In
434 4341 711 4438 tranquillitate
730 4355 864 4415 euntes
884 4343 1060 4417 deorsum
1077 4343 1124 4416 ad
1142 4342 1293 4416 undam.

370 4479 462 4556 Cito
481 4482 612 4556 veniet
630 4507 757 4557 earum
775 4483 935 4558 radiatio
954 4485 1000 4557 ad
1019 4483 1264 4559 occidentem

369 4620 588 4696 Ostendens
607 4624 791 4722 usquead
809 4625 964 4698 tertiam
983 4637 1128 4726 partem
1152 4623 1281 4700 hostes
1301 4620 1488 4699 Cormaci.

371 4761 498 4856 Polam
520 4765 571 4838 mi
591 4765 655 4858 lili,
677 4791 770 4864 cape
787 4776 831 4840 tu
848 4791 970 4840 meam
988 4765 1158 4854 hastam3
