4184 5998
376 807 411 857 v.
434 793 617 866 sua-579.
817 775 1047 854 TEMORA.

376 1005 571 1080 Exaudita
591 1015 649 1078 est
667 1027 758 1093 vox,
780 1027 863 1101 quae
882 1013 963 1077 erat
979 1001 1094 1099 longt
1112 1001 1270 1090 anobis,

311 1149 313 1154 ’
376 1147 497 1221 Velut
514 1145 628 1220 solius
644 1143 717 1218 viri
736 1145 805 1219 sub
823 1144 1035 1219 tetricitate
1054 1157 1094 1216 et
1111 1143 1254 1217 dolore.

377 1287 469 1362 Erat
486 1287 516 1361 is
535 1285 649 1362 Carul
667 1310 717 1360 ex
736 1297 908 1386 tempore
926 1285 1048 1358 laudis
1243 1286 1492 1380 [magnorum.

359 1463 362 1472 ·
378 1429 457 1516 Qui
475 1427 715 1527 (transierat)
732 1439 890 1502 venerat
905 1439 1007 1502 trans
1025 1423 1048 1498 a
1063 1423 1293 1502 fusca-faeie
1312 1423 1496 1500 clivorum

378 1569 623 1668 Loquebatur
639 1569 705 1643 ille
724 1567 772 1643 de
791 1581 915 1643 morte
934 1567 1160 1658 Cuculliuis,
1230 1595 1235 1602 ·

377 1709 439 1784 De
458 1709 540 1810 ejus
557 1707 671 1784 factis
688 1707 864 1784 omnibus
882 1707 921 1782 iu
941 1708 1125 1783 conflictu
1142 1707 1312 1782 heroum.

379 1849 625 1948 Loquebatur
642 1850 709 1924 ille
726 1849 917 1948 quomodo
935 1847 1125 1949 dispersus
1146 1850 1197 1924 sit
1214 1847 1374 1948 populus

380 1991 620 2066 Circumieus
638 1990 881 2094 sepulchrum
902 1989 1199 2088 excelsi-(viri),

379 2131 471 2232 Ejus
488 2131 599 2206 armis
617 2155 729 2232 super
745 2129 883 2206 tellure
900 2129 981 2204 sine
998 2129 1191 2220 facinore3

379 2273 470 2348 Nou
488 2286 570 2348 erat
585 2271 767 2348 memoria
782 2271 831 2346 de
849 2271 987 2372 clypeo
1005 2271 1069 2346 vel
1091 2273 1324 2364 certamiue3

382 2414 537 2490 Cecidit
554 2415 618 2490 ille
637 2413 703 2512 qui
720 2413 900 2488 mittebat
918 2413 1049 2512 ignem
1067 2414 1137 2488 sub
1155 2414 1265 2490 ictus.

433 2563 443 2597 ‘
462 2555 627 2644 Quinam
644 2555 729 2645 illi‚’
747 2555 851 2630 dixit
870 2553 985 2630 Carul
1002 2555 1175 2645 blandus,
1357 2557 1499 2654 [tium?

385 2705 395 2738 ‘'
405 2696 482 2782 Qui
500 2709 589 2772 suut
604 2697 757 2772 veloces
770 2696 872 2772 sicut
889 2695 1156 2772 rubra-dama
1168 2722 1376 2774 vacuorum
1390 2723 1498 2774 mon·

382 2837 547 2922 Quinam
566 2835 619 2910 illi
638 2837 740 2910 sicut
756 2860 858 2912 nova
875 2836 986 2934 sylva
1002 2837 1180 2910 arborum

380 2977 428 3050 In
444 2976 557 3076 plano
575 2975 730 3050 vallium
749 2975 818 3051 sub
837 2975 988 3050 imbre?

381 3117 549 3202 Quinam
567 3115 639 3190 nisi
657 3117 779 3216 proles
797 3115 964 3192 Usnothi
982 3113 1198 3216 principum

362 3367 365 3371 η
380 3257 440 3332 Ab
457 3255 559 3331 Etha
575 3257 796 3356 glaucorum
815 3257 1071 3332 fluentorum?

382 3398 641 3498 Experrectus
659 3410 718 3472 est
735 3397 897 3497 populus
915 3395 962 3471 ad
982 3421 1111 3471 eorum
1130 3397 1240 3486 latus,

381 3539 489 3614 Sicut
506 3537 564 3612 vis
582 3537 682 3638 ignis
700 3563 811 3638 super
826 3539 910 3613 acie
928 3549 1158 3628 sauctorum,

384 3681 548 3768 Quando
565 3692 742 3753 movetur
759 3678 889 3778 rapida
907 3691 1044 3754 ventus

384 3822 502 3921 Super
519 3820 595 3895 suis
613 3821 681 3894 alis
700 3819 875 3894 inanibus
893 3820 914 3894 ὲ
932 3820 1105 3910 desertis,

384 3961 594 4062 Supercilio
611 3959 720 4034 fusco
739 3959 980 4058 scopulorum
998 3961 1292 4061 resplendente;

384 4101 466 4176 Stat
483 4113 598 4176 nauta
614 4101 684 4176 sub
703 4101 790 4176 luce
807 4101 848 4175 in
866 4125 1022 4177 oceano.

383 4241 547 4316 Auditus
563 4255 622 4316 est
638 4242 795 4342 clypeus
813 4241 1023 4318 Cathbadis
1040 4244 1111 4318 sub
1128 4244 1269 4320 souitu.

386 4381 607 4458 Cernebant
624 4382 825 4457 bellatores
842 4382 882 4457 in
900 4385 1000 4482 gent
1014 4383 1133 4458 Nathi

384 4523 475 4597 Vim
494 4533 534 4596 et
550 4547 764 4599 successum
786 4519 1000 4596 Cuculliuis
1017 4521 1159 4622 ipsius:

385 4663 535 4738 Pariter
551 4662 707 4738 fuerunt
724 4663 805 4764 ejus
822 4689 950 4764 passus
968 4689 1080 4764 super
1095 4663 1207 4741 erioa

384 4801 453 4880 Est
471 4813 667 4879 certamen
687 4827 800 4904 super
816 4804 938 4880 latere
957 4803 1082 4902 Lege,
