4194 6006
419 757 456 808 v.
477 737 658 810 set-411.
692 667 693 670 ¹
884 729 1090 805 FINGAL.

419 955 503 1030 Erit
521 955 641 1030 Roena
657 951 759 1026 inter
774 951 967 1053 principes
985 952 1055 1026 sub
1073 949 1207 1050 giwii,

418 1096 469 1172 Et
485 1097 566 1198 ejus
584 1094 658 1170 iter
674 1093 920 1190 tranquillum
938 1092 979 1167 in
996 1103 1127 1166 monte
1144 1094 1182 1166 !”

472 1246 497 1280 “
514 1239 560 1312 In
577 1236 651 1312 hoc
669 1234 750 1335 ipso
768 1234 854 1309 loco
873 1234 923 1308 sit
940 1233 1061 1308 Roena
1078 1233 1118 1306 in
1135 1233 1311 1332 sopore,”

420 1381 536 1456 Dixit
553 1381 686 1482 Fingai
704 1378 843 1455 leniter
859 1375 975 1451 lente.
1136 1469 1138 1474 Ι

424 1523 586 1597 “Venit
604 1548 683 1596 vox
702 1523 783 1623 ejus
801 1519 911 1595 famae
928 1517 976 1592 ad
994 1540 1115 1592 meam
1134 1538 1274 1590 aurem.

419 1662 546 1754 Folan,
567 1663 670 1752 Fere,
690 1661 839 1736 adferte
857 1660 986 1734 Orlam
1004 1656 1092 1750 hnc,

417 1801 441 1877 J
446 1802 752 1878 uvenem·virum
770 1801 852 1876 sine
871 1800 997 1874 colore
1015 1823 1037 1872 a
1055 1796 1189 1872 Lotht.

418 1940 506 2017 Sine
524 1967 699 2043 compare
716 1968 793 2018 non
805 1941 964 2043 jacebis,
987 1941 1116 2032 Roena,

420 2083 512 2158 Orla
529 2083 721 2159 existente
740 2085 786 2158 ad
805 2096 913 2159 tuum
931 2085 1029 2158 latus
1048 2081 1088 2155 in
1105 2079 1317 2181 sepulchro.

419 2222 503 2330 Sint
518 2223 723 2324 lachrymae
741 2249 854 2326 super
870 2223 1084 2324 virginibus
1103 2222 1300 2298 Morvenis
1312 2222 1471 2322 jugosis,

418 2362 470 2438 Et
486 2376 661 2466 aspectus
681 2365 806 2440 luctds
822 2390 935 2466 super
947 2365 1163 2465 virginibus
1178 2362 1311 2439 Lothae
1331 2363 1532 2438 undarum.

418 2503 476 2580 Ut
493 2507 632 2582 surculi
650 2507 690 2580 in
707 2507 931 2582 declivitate
947 2506 1134 2582 montium
1402 2503 1533 2601 [tibus.

421 2644 643 2723 Creverunt
657 2646 791 2724 heroes
806 2650 870 2747 qui
889 2675 964 2724 non
980 2647 1090 2722 fuere
1107 2646 1252 2722 debiles
1271 2645 1311 2720 in
1325 2645 1533 2722 necessita·

420 2785 658 2863 Ceciderunt
676 2790 730 2863 illi
750 2801 794 2864 ut
811 2815 972 2888 quercus
990 2790 1029 2863 in
1048 2801 1179 2863 monte

417 2925 442 3002 J
445 2941 600 3002 scentes
617 2931 831 3004 transverse
848 2953 916 3030 per
933 2929 1055 3004 rivum
1073 2927 1113 3004 in
1130 2955 1275 3029 campo,

417 3068 470 3143 Et
487 3083 700 3146 arescentes
718 3071 765 3146 ed
786 3085 944 3146 ventum
961 3070 1368 3146 molium-saxosarum.

419 3208 550 3300 Oscar,
572 3209 652 3286 dux
664 3211 852 3311 juvenum
871 3227 1122 3304 strenuorum,

418 3350 537 3425 Vides
556 3353 696 3452 tuipse
715 3354 906 3452 quomodo
925 3349 1137 3428 ceciderint
1154 3351 1247 3458 viri,-

418 3491 513 3567 Esto
529 3507 573 3568 tn
592 3521 698 3592 aeque
716 3495 883 3594 inclytus
900 3496 940 3568 in
957 3493 1101 3594 proelio,

417 3631 469 3707 Et
486 3633 535 3707 sis
553 3632 593 3708 in
610 3635 802 3734 praeconio
820 3635 1024 3712 bardorum
1040 3647 1085 3709 ut
1103 3634 1233 3709 Roena.

418 3773 616 3848 Terribilis
635 3774 711 3850 fuit
727 3788 794 3851 tua
810 3775 935 3851 forma
952 3775 992 3850 in
1009 3773 1114 3866 acie;

419 3913 539 3988 Fuisti
558 3917 782 4015 tranquillus
800 3929 853 4008 tu,
875 3916 1004 4008 Roena,
1026 3915 1067 3990 in
1083 3940 1243 4016 pace.—

420 4054 508 4129 Fuit
525 4055 589 4130 ille
606 4069 651 4130 ut
667 4083 774 4133 arcus
793 4056 885 4132 roris
903 4056 1043 4149 blandi,

421 4194 499 4281 Qui
518 4195 687 4270 cernitur
703 4198 836 4296 procul
854 4223 904 4273 ex
923 4199 1084 4274 adverso
1104 4199 1142 4275 in
1159 4200 1258 4276 saltu

420 4321 585 4420 Quande
602 4337 748 4414 occidit
766 4340 823 4414 sol
839 4365 952 4438 snper
968 4339 1128 4431 Morem,

419 4471 470 4548 Et
487 4491 546 4550 est
563 4479 818 4576 tranquillitas
836 4480 875 4554 in
896 4482 1052 4582 scopulo
1071 4481 1243 4558 cervi.—

419 4615 445 4692 J
446 4641 514 4691 aee
533 4631 585 4710 tu,
607 4619 671 4717 qui
690 4645 770 4695 eras
787 4620 964 4696 minimus
981 4635 1074 4697 natu
1096 4647 1266 4700 meorum
1282 4620 1459 4716 filiorum,
1476 4717 1481 4732 ι

418 4755 443 4832 J
445 4780 513 4832 ace
533 4771 576 4832 tu
592 4758 663 4834 sub
681 4759 806 4862 lapide
828 4759 868 4836 in
886 4787 1020 4864 campo
1040 4763 1162 4840 Lenae.
