4224 5996
693 1503 1075 1686 urucas.

743 1995 967 2074 CARMEN
987 1993 1041 2073 V.

809 2441 847 2493 v.
868 2425 973 2499 1-17.

343 2547 399 2646 Is
419 2564 520 2642 clivo
539 2561 704 2637 Cromlae
722 2559 850 2634 sonori
867 2556 996 2637 lateris

337 2709 537 2784 Alloeutus
556 2716 615 2780 est
632 2704 754 2778 Conal
772 2699 998 2775 bellatorem
1017 2696 1159 2774 currus.

343 2859 368 2894 “
385 2849 644 2938 Quamobrem
662 2857 722 2920 est
738 2841 928 2918 tetricitas
949 2840 1078 2939 (tibi),
1092 2833 1153 2915 'fili
1172 2838 1283 2930 Semi,
1303 2897 1307 2906 .

341 2993 441 3069 Cum
459 2991 572 3066 amici
590 2983 711 3062 nostri
727 2992 885 3058 vertunt
902 2978 1072 3077 (hostes)
1090 2979 1129 3054 in
1147 2977 1279 3080 fugam
1296 2979 1458 3082 proelio?

343 3133 393 3208 Es
411 3145 454 3205 tu
473 3129 652 3227 inclytus,
674 3135 827 3198 strenue
845 3120 980 3213 heros3

345 3273 440 3348 Sunt
452 3269 604 3372 plurimi
620 3266 824 3343 bellatores
838 3287 933 3362 quos
947 3266 1185 3364 compescuit
1196 3276 1304 3339 tuum
1316 3263 1468 3342 ferrum.

345 3416 449 3516 Saepe
468 3412 545 3485 fuit
563 3407 732 3507 Bragela
750 3405 859 3505 cujus
878 3418 937 3482 est
953 3405 1120 3482 maxime
1138 3409 1300 3482 caerulus
1317 3409 1460 3502 oculus,

347 3557 399 3632 Et
415 3551 671 3657 pulcherrima
687 3547 867 3638 caesaries,
889 3548 1113 3640 subridens;

349 3699 453 3798 Saepe
470 3695 575 3795 [fuit]
593 3693 668 3766 ivit
683 3692 724 3765 in
742 3715 942 3764 occursum
960 3689 1019 3764 sui
1037 3689 1183 3764 domini

351 3835 598 3914 Revertentis
616 3835 664 3910 ab
683 3831 820 3907 itinere
839 3855 926 3905 cum
946 3830 1022 3906 suis
1043 3834 1206 3908 strenuis
1224 3834 1327 3928 viris,

353 3979 519 4066 Quando
539 3987 646 4052 erant
663 3974 792 4049 hostes
810 3973 920 4050 taciti
939 3973 979 4046 in
999 3974 1212 4073 sepulchro,

353 4119 405 4194 Et
422 4120 503 4220 ejus
522 4117 686 4194 victoria
703 4119 975 4220 resplendebat
991 4119 1095 4194 circa
1111 4143 1221 4192 suum
1239 4143 1417 4194 amorem.

354 4257 473 4332 Erant
485 4259 649 4359 jucundi
669 4259 751 4360 ejus
769 4261 849 4334 auri
866 4259 923 4334 tui
940 4259 1058 4352 bardi,

359 4399 459 4476 Cum
477 4399 776 4474 effundebantur
793 4413 861 4476 tua
876 4399 1049 4476 facinora
1064 4399 1105 4474 in
1123 4411 1249 4476 cantu.

359 4539 499 4639 Aspice
516 4553 559 4613 tu
577 4563 708 4639 regem
726 4541 927 4616 Morvenis
945 4541 985 4616 in
1004 4542 1306 4620 durasarmaturt

361 4679 593 4779 Pergentem
611 4705 758 4756 sursum
774 4694 819 4756 ut
835 4681 936 4782 ignis
954 4684 1147 4776 coelorum,

362 4819 454 4922 Ejus
473 4822 610 4898 robore
628 4833 673 4898 ut
689 4823 831 4900 flumen
850 4822 1007 4900 Lubaris
1025 4823 1199 4915 nimbosi,
