4224 5996
388 785 423 838 v.
444 761 627 846 439-462.
828 757 1033 835 FINGAL.
1437 765 1502 834 135

383 981 485 1055 Talis
503 979 580 1055 fuit
597 979 782 1054 Trenmor
798 990 1004 1068 scutorum,

384 1119 435 1195 Et
449 1119 615 1210 Tremel,
637 1119 776 1195 ductor
795 1119 1010 1220 principum
1021 1147 1032 1210 ;

383 1261 490 1334 Talia
507 1259 613 1334 fuere
628 1283 711 1370 mea
725 1258 830 1334 facta
846 1258 887 1332 in
905 1259 1018 1334 clivo.

383 1401 470 1478 Fuit
487 1401 594 1500 inops
611 1423 758 1500 semper
768 1399 886 1498 juxta
902 1423 1025 1474 meam
1042 1423 1204 1491 manum,

382 1539 433 1614 Et
449 1539 574 1614 factus
594 1553 652 1614 est
667 1539 838 1614 infirmus
857 1540 983 1614 audax
1002 1540 1071 1614 sub
1090 1563 1173 1614 mea
1189 1541 1481 1640 durs-chalybe.

381 1681 421 1756 N
423 1706 443 1754 e
462 1704 588 1779 quaere
606 1693 649 1754 tu
667 1679 890 1756 conflictum
908 1693 1129 1771 scutorum3

383 1821 433 1896 Et
449 1834 647 1897 ne'recuss
662 1842 748 1894 eum
765 1821 805 1894 in
823 1820 926 1897 clivo
945 1819 1253 1922 precipitiorum.

471 1989 494 2031 0
667 1988 689 2030 0
864 1987 886 2031 0
916 1997 918 2003 ’
1061 1987 1083 2031 ἢ

471 2126 492 2170 s
539 2105 543 2110 ’
666 2127 688 2171 s
863 2127 885 2169 ts
1059 2130 1081 2172 s
1203 2155 1208 2168 ,

470 2267 492 2311 ἢ
667 2268 688 2310 ff
863 2272 885 2314 t
1048 2269 1082 2311 4

472 2410 493 2452 ff
668 2412 690 2456 0
866 2413 887 2455 ff
1062 2414 1083 2458 0

428 2523 632 2614 Fillenect
649 2528 770 2603 Oscar
786 2527 1007 2628 capillorum
1028 2528 1224 2617 flavorum,

383 2666 590 2742 Bellatores
609 2668 710 2744 haud
729 2693 865 2768 segnes
884 2669 923 2743 in
941 2667 1040 2744 facie
1058 2669 1186 2758 saltus,

382 2808 457 2882 Sub
475 2833 601 2882 meum
620 2823 867 2911 conspectum
884 2810 1005 2913 petite
1023 2810 1183 2898 collem3
1316 2915 1318 2920 Ι

380 2947 633 3048 Speculamini
652 2948 876 3026 Lochlinem
895 2949 1048 3024 navium
1065 2961 1151 3051 post
1168 2957 1373 3023 certamen.

379 3088 507 3162 Audio
525 3113 599 3187 ego
614 3089 698 3164 illos
713 3104 973 3166 moventes-se
990 3091 1100 3180 ultra,
1169 3099 1174 3108 '

380 3227 438 3304 Ut
454 3253 644 3302 murmura
662 3254 744 3326 quae
762 3231 925 3305 veniunt
942 3231 1076 3334 procul
1093 3231 1141 3305 ab
1158 3229 1281 3322 undis,

318 3463 321 3474 Ι
380 3369 455 3443 Vel
473 3367 578 3442 silvis
596 3341 906 3484 praecipitiorum.
949 3369 1011 3444 Ne
1029 3382 1110 3444 este
1127 3370 1238 3460 tardi,

380 3509 420 3582 N
421 3535 441 3584 e
459 3522 592 3609 petant
612 3509 667 3584 illi
686 3511 843 3586 classem
861 3511 909 3584 ad
927 3509 1235 3609 septentrionem,

379 3649 653 3748 Relinquentes
672 3674 758 3723 cum
777 3649 977 3724 celeritate
995 3673 1121 3724 meum
1139 3651 1270 3732 telum¹
1336 3721 1341 3738 ,

380 3790 473 3865 Sunt
490 3791 599 3865 multi
618 3790 810 3890 principes
829 3801 869 3863 et
887 3787 1020 3864 heroes
1038 3789 1211 3865 vulnifici

380 3929 538 4004 Seminis
556 3929 697 4021 Iernes,
718 3931 800 4004 sine
818 3928 904 4006 face
922 3929 987 4026 qui
1005 3942 1093 4004 sunt
1109 3929 1273 4021 mortui3
1355 3931 1489 4028 [tura],

380 4067 449 4144 Est
465 4071 667 4170 progenies
686 4070 903 4146 certaminis
922 4069 1002 4146 sine
1020 4070 1212 4170 surgendo
1230 4073 1325 4168 [non
1343 4095 1491 4148 surrec·
1513 4078 1517 4088 '

380 4207 471 4284 Nati
492 4209 645 4295 Cromle
661 4209 873 4284 tonitruum
892 4209 1119 4310 ingentium.
1128 4214 1149 4246 ''

428 4349 702 4427 Moverunt-se
719 4349 866 4438 heroes,
887 4375 1046 4447 quorum
1065 4364 1146 4426 erat
1162 4361 1244 4427 ster
1262 4353 1380 4443 color,

378 4487 435 4563 Ut
454 4488 573 4563 nubes
590 4489 878 4588 frigidi-currus
895 4505 1143 4591 specttorum,

380 4626 545 4712 Quando
565 4629 672 4702 venit
689 4629 888 4729 progenies
906 4631 1014 4704 venti
1033 4630 1209 4704 celeriter

377 4766 438 4842 Ad
458 4765 742 4844 immittendum
758 4769 978 4846 moestiticm
996 4770 1135 4870 populo
1153 4769 1202 4844 de
1217 4781 1350 4846 morte.
