4172 5982
375 835 413 888 v.
435 817 613 894 rsr-rsr.
842 809 1050 886 rmum.
1293 773 1295 778 ’
1456 819 1500 892 17

371 1035 441 1126 Tu,
464 1036 517 1110 fili
536 1034 635 1110 Semi
652 1033 960 1134 prestantissimi,

372 1175 588 1252 Recordare
607 1173 834 1250 Cormacum
852 1183 892 1248 et
906 1173 991 1274 ejus
1010 1172 1141 1250 sedem
1160 1175 1354 1272 antiquam

371 1317 434 1392 Da
451 1317 636 1393 tributum
653 1316 816 1390 Suarano
835 1324 876 1389 et
892 1325 1040 1405 terram,
1121 1409 1125 1416 Ι

372 1457 510 1534 Donec
529 1455 740 1535 advehatur
756 1455 891 1554 Fingal
908 1454 997 1530 buc.

372 1597 438 1674 Sin
457 1611 515 1674 est
531 1597 712 1699 gaudium
730 1607 797 1669 tuo
815 1594 942 1669 animo
957 1605 1162 1687 certamen,

371 1738 475 1816 Eece
493 1765 575 1814 eam
597 1735 790 1840 (manum)
813 1759 896 1832 quae
914 1736 1027 1811 tollet
1044 1735 1190 1812 hastam
1205 1747 1250 1825 ,et
1267 1741 1436 1812 ensem.’'

424 1888 449 1923 “
467 1878 567 1954 Mihi
578 1876 774 1980 jucundus
792 1877 891 1967 est,'’
909 1874 1013 1950 dixit
1031 1875 1113 1950 dux
1130 1875 1355 1976 principum,

375 2024 546 2098 “Durus
565 2021 706 2096 stridor
722 2030 916 2094 scutorum
934 2029 974 2092 et
992 2015 1216 2116 gladiorum,

371 2165 493 2264 AEque
507 2163 703 2266 jucundus
721 2185 765 2236 ac
785 2160 932 2236 tonitru
948 2159 1147 2252 clivorum,

373 2305 539 2392 Quando
558 2303 663 2378 cadit
679 2301 809 2404 pluvia
826 2303 925 2377 veris
942 2303 1057 2378 lente.

371 2445 511 2546 Surgat
527 2469 659 2520 semen
676 2444 807 2517 Iemes
825 2439 1095 2536 victoriarum3

370 2586 444 2661 Eat
459 2586 587 2661 lucida
605 2584 855 2661 circumcirca
871 2611 1031 2685 quaeque
1050 2585 1212 2680 eohors;
1248 2562 1260 2587 ⁵

372 2727 515 2828 Pergat
532 2726 777 2803 transversim
795 2726 835 2800 in
853 2726 954 2802 crica
972 2731 1160 2820 celeriter,

370 2868 430 2944 Ut
446 2869 573 2945 radius
590 2871 680 2945 solis
699 2870 740 2944 in
756 2870 1013 2970 prominentia
1029 2871 1227 2960 montium,

371 3009 537 3097 Quando
554 3013 674 3087 oritur
690 3023 829 3088 ventus
848 3010 1064 3088 occidentis
1081 3010 1128 3084 ab
1146 3009 1259 3103 undl,

369 3150 568 3252 Colligens
586 3154 758 3251 graviter
774 3153 936 3246 nimbos,

374 3291 466 3390 (Et)
486 3291 642 3367 auditur
659 3293 807 3367 sonitus
824 3293 864 3366 in
881 3293 1072 3366 Morvene
1090 3293 1291 3380 tumuloso,

369 3432 422 3509 Et
438 3434 478 3508 in
495 3459 639 3531 quercu
656 3433 759 3508 nuda
777 3455 891 3533 super
908 3429 1021 3507 clivo.

369 3575 450 3651 Ubi
467 3588 557 3650 sunt
572 3575 647 3650 mei
665 3573 778 3649 amici
794 3573 890 3662 duri,

368 3717 480 3792 Vires
498 3742 592 3792 meae
608 3741 747 3791 manus
761 3713 801 3788 in
818 3712 991 3815 periculo
1010 3713 1185 3812 semper?

368 3856 447 3932 Ubi
465 3868 524 3930 est
542 3854 685 3946 Cabad,
708 3854 817 3956 cujus
836 3866 919 3928 erat
935 3853 1134 3955 purissima
1151 3853 1308 3953 species,

371 3997 462 4098 (Et)
482 3997 704 4072 Duchomar
720 3996 978 4086 victoriarum,
999 3993 1204 4096 princeps?

368 4140 430 4212 An
448 4137 638 4235 reliquisti
657 4151 699 4211 tu
715 4161 787 4228 me,
810 4136 924 4211 Feara
941 4135 1094 4226 eximie,

370 4279 421 4388 Et
438 4305 525 4354 cum
544 4280 687 4354 flumen
704 4278 840 4378 ingens
858 4276 934 4352 hoc
955 4277 1152 4377 colligitur
1169 4278 1210 4352 in
1226 4301 1356 4352 meum
1372 4277 1482 4374 latus,

369 4421 492 4496 Heros
511 4421 577 4518 qui
595 4444 675 4495 eras
693 4421 734 4494 in
751 4421 892 4520 gaudio
911 4420 1107 4520 epulorum
1126 4444 1295 4519 magnus,

369 4561 420 4637 Et
436 4563 476 4636 in
494 4559 597 4636 duris
615 4562 754 4637 rebus?
782 4561 885 4640 Nate
903 4561 1004 4636 Rosd
1026 4561 1266 4651 exuviarum,
1305 4625 1312 4640 .

369 4703 431 4778 An
449 4703 558 4778 venis
576 4715 628 4799 tu,
651 4717 695 4778 ut
713 4703 921 4804 capreolus,
943 4727 965 4774 a
981 4701 1173 4795 Galmare,
1192 4701 1195 4712 '

369 4845 428 4922 Ut
446 4869 582 4946 caprea
597 4871 620 4921 a
635 4846 823 4922 descensu
841 4845 1055 4921 clivorum?

426 5011 526 5065 rou.
551 5011 602 5066 11.
925 5009 948 5058 c
1002 5017 1004 5022 ·
