4224 5996
368 783 405 834 v.
422 745 557 840 iro-ra.
616 791 621 801 ·
821 757 1028 834 FINGAL.

362 982 409 1056 In
427 983 560 1057 duram
578 981 758 1056 incudem
777 981 1070 1059 ruberrimorum
1089 980 1351 1058 scintillarum.

361 1123 450 1202 Fuit
468 1123 641 1198 terribile
660 1132 856 1198 certamen
874 1125 1035 1200 duorum
1054 1125 1221 1223 ragum;¹

360 1264 448 1338 Fuit
466 1277 548 1339 ater
565 1265 606 1340 iu
622 1264 807 1340 conflictu
826 1289 957 1340 eorum
976 1265 1121 1356 color;‘

359 1404 501 1481 Eorum
519 1405 637 1481 scutis
655 1403 774 1480 fuscis
793 1405 888 1479 fissis
906 1407 977 1480 sub
995 1405 1130 1507 plagis,

357 1544 409 1619 Et
426 1545 565 1644 gladiis
583 1545 705 1620 acutis
725 1543 1000 1620 dissilientibus
1018 1573 1042 1620 a
1058 1544 1288 1622 duro-ferro.

356 1684 594 1786 Abjeccrunt
612 1687 763 1786 singula
780 1687 1035 1762 instrumenta
1050 1711 1188 1786 pugna
1206 1687 1247 1762 in
1264 1687 1472 1788 planitiem,

353 1824 405 1900 Et
423 1826 797 1928 comprehenderunt
814 1826 950 1902 heroes
970 1851 1010 1900 se
1027 1839 1160 1903 mutuo
1178 1829 1379 1908 velociter.

353 1959 441 2040 Fuit
460 1967 621 2066 quisque
639 1968 805 2044 lacertus
824 1993 1009 2044 nervosus
1029 1981 1069 2043 et
1084 1971 1244 2072 magnus

352 2109 525 2184 Indexus
545 2109 649 2185 circa
666 2109 1002 2186 dorsum'crassum
1020 2112 1274 2208 bellatorum,'

349 2249 657 2324 vertentium-se
675 2275 697 2324 a
713 2251 833 2325 latere
850 2251 890 2324 in
908 2251 1017 2342 latus}
1036 2253 1039 2262 '

347 2388 489 2464 Eorum
507 2391 656 2490 magnis
674 2389 837 2492 pedibus
857 2391 1077 2468 divaricatis
1096 2391 1136 2466 in
1153 2390 1373 2472 nudo-solo.

348 2531 513 2618 Quando
531 2533 700 2607 surrexit
718 2533 893 2633 superbia
910 2534 1057 2608 roboris
1075 2547 1318 2609 strenuorum

345 2671 520 2748 Tremuit
537 2698 647 2773 rupes
665 2673 746 2774 ipsa
763 2675 832 2749 sub
852 2677 983 2750 eor'urn
1000 2676 1099 2766 talis,

345 2812 671 2889 Contremuerunt
689 2841 782 2889 saxa
801 2827 840 2890 et
857 2816 1070 2917 praecipitia
1087 2832 1128 2892 et
1145 2819 1433 2898 moles-saxosa

340 2951 392 3028 Et
408 2955 505 3028 silva
522 2955 655 3029 viridis
673 2956 743 3030 sub
762 2956 848 3031 nisu
867 2957 1106 3032 bellatorum.
1232 3041 1234 3044 ,

325 3141 327 3144 -
342 3094 403 3168 Ad
423 3107 641 3170 extremum
658 3096 805 3172 cecidit
820 3098 938 3172 robur
955 3097 1154 3192 undarum,

340 3237 421 3312 Ivit
438 3238 621 3311 Suaranus
639 3237 795 3312 navium
814 3238 883 3312 sub
902 3240 1127 3339 potentiam.

389 3378 451 3454 Sic
471 3378 669 3478 conspecti
687 3377 816 3468 sunta
831 3403 892 3453 me
910 3378 950 3453 in
970 3380 1078 3456 Cond

342 3521 415 3620 (At
433 3520 580 3596 Conam
596 3519 698 3594 haud
718 3520 950 3621 conspiciam
969 3547 1044 3622 ego
1063 3523 1103 3598 in
1123 3529 1343 3627 aetemum),

336 3661 398 3736 Sic
417 3660 616 3762 conspecti
634 3673 725 3736 sunt
739 3660 762 3736 a
778 3687 840 3736 me
857 3662 934 3738 duo
952 3666 1081 3763 magni
1101 3668 1219 3742 colles

336 3801 595 3876 Procedentes
612 3801 660 3876 ab
680 3828 811 3878 eorum
828 3802 1069 3882 habitatione
1088 3807 1128 3882 in
1147 3808 1249 3885 ericd

334 3941 410 4015 Sub
429 3939 572 4016 viribus
591 3941 771 4018 torrentis
790 3943 909 4020 insani
930 3945 1138 4041 clivorum3

333 4079 547 4154 Vertuntur
564 4080 619 4155 illi
638 4081 661 4155 a
678 4083 797 4158 latere
817 4085 856 4159 in
874 4087 996 4179 latus3

333 4220 416 4294 Erit
435 4221 726 4322 comprehensio
744 4225 919 4300 arborum
938 4228 1106 4320 intense,

332 4362 497 4448 Quando
516 4365 657 4439 cadent
675 4365 715 4439 in
732 4367 1162 4470 nebulosam-planitiem
1180 4372 1291 4449 simul

332 4503 430 4578 Cum
448 4529 577 4578 eorum
596 4509 811 4604 quercubus
830 4521 871 4585 et
888 4511 990 4587 crica
1005 4511 1029 4588 ὲ
1045 4527 1189 4590 monte.

328 4643 563 4720 Revertetur
581 4659 727 4722 torrens
746 4676 768 4723 a
784 4677 898 4725 cursu
916 4656 1058 4748 tardus,

328 4783 380 4860 Et
396 4799 606 4864 cernentur
623 4788 715 4866 rufae
734 4790 822 4894 ripae
842 4819 892 4868 ex
910 4794 1084 4871 adverso.
