4224 5996
424 803 460 853 v.
481 785 661 854 ssi-sn.
753 735 755 744 ’
877 776 1083 868 rmum.
1476 789 1540 862 171

422 1002 545 1076 Oscar
563 999 814 1076 certaminum
834 1025 916 1097 quae
934 1010 1023 1074 sunt
1040 1009 1216 1089 ventura,

422 1141 543 1217 Conal
563 1140 1058 1220 carulo-umbonifeiorum
1076 1152 1281 1234 scutorum,

423 1285 738 1361 Praestantissima
756 1282 919 1358 Dermid
938 1281 1162 1382 capillorum
1178 1281 1384 1374 lurcorum,

422 1425 593 1517 Ossiane‚
615 1449 684 1499 rex
704 1435 886 1499 cantuum
906 1433 946 1498 et
963 1421 1185 1516 carminum,

421 1564 524 1655 Esto,
547 1575 629 1638 esto
647 1576 691 1638 tu
709 1564 757 1638 ad
775 1591 929 1641 manum
947 1566 1005 1641 tui
1022 1564 1138 1665 patris

422 1707 468 1780 In
489 1705 674 1781 conflictu
692 1706 890 1783 demetens
908 1705 1139 1782 centurias.”
1192 1753 1195 1759 ‚

470 1847 674 1922 Ereximus
692 1871 762 1920 nos
777 1845 1000 1948 jubar-solis
1016 1843 1057 1917 in
1075 1842 1383 1921 arboreo-hastili

422 1988 621 2062 Vexillum
638 2013 819 2087 magnum
837 1986 937 2084 regis
956 1984 1181 2084 gladiorum.

422 2131 511 2206 Fuit
526 2131 662 2205 laetitia
679 2131 718 2204 in
737 2129 861 2206 animo
879 2127 1065 2228 cujusque
1084 2126 1276 2227 principis,

424 2271 590 2357 Quando
608 2272 758 2344 elevata
776 2283 835 2344 est
852 2268 934 2368 ejus
951 2269 1010 2344 ala
1027 2269 1074 2344 ad
1094 2279 1263 2345 ventum.

424 2413 512 2486 Fuit
530 2413 611 2513 ejus
633 2409 810 2508 (vexilli)
831 2410 1012 2485 caerulum
1029 2411 1127 2484 latus
1145 2411 1332 2488 bullatum
1351 2436 1440 2486 auro

293 2645 295 2650 Ι
423 2553 550 2627 Instar
569 2551 726 2628 conchae
745 2575 848 2625 canae
866 2576 1015 2650 magnae
1032 2551 1170 2644 noctis,

426 2694 590 2794 Quando
608 2693 827 2793 despiciunt
843 2693 964 2767 stellae
983 2717 1004 2768 e
1023 2693 1135 2768 coelo.

423 2834 512 2910 Fuit
529 2835 716 2908 vexillum
735 2833 872 2931 cuique
890 2833 1055 2934 principi
1072 2833 1145 2908 sibi
1165 2832 1247 2934 ipsi,

423 2973 474 3047 Et
488 2973 597 3048 fuere
611 2973 667 3049 sui
681 2955 886 3048 bellatores
901 2975 1045 3049 strenui
1059 2974 1162 3048 circa
1175 2957 1567 3050 duram-armaturam.

476 3121 501 3156 “
517 3115 660 3207 Ecce,”
677 3115 779 3190 dixit
798 3140 866 3189 rex
885 3112 1115 3190 concharum
1133 3113 1388 3214 hospitalium,

428 3263 452 3297 “
469 3255 606 3330 Divisa
623 3269 682 3330 est
701 3255 864 3331 Lochlin
884 3257 924 3328 in
943 3255 1046 3331 clivo
1064 3255 1177 3329 Lenae
1188 3283 1199 3346 3

424 3398 548 3472 Instar
565 3399 725 3476 nubium
745 3411 909 3474 utrarum
927 3398 1163 3500 diruptarum
1182 3411 1241 3472 est
1258 3421 1388 3471 eorum
1407 3398 1490 3490 iter,

312 3537 314 3548 '
424 3540 630 3638 Postquam
648 3518 845 3614 'ceciderit
862 3539 987 3614 imber
1005 3539 1045 3613 in
1062 3539 1222 3614 lernen:

426 3680 520 3754 Sunt
537 3679 678 3754 similes
696 3679 752 3754 illi
770 3680 875 3756 silvae
893 3706 998 3756 canae

422 3821 604 3894 Semustae
622 3820 661 3893 in
680 3821 739 3894 ala
754 3789 1165 3915 molium-saxosamm,
1295 3899 1299 3908 ,
1397 3777 1544 3921 [fidum]

424 3961 592 4048 Quando
608 3961 780 4035 cernitur
794 3961 928 4061 fulgur
940 3987 1061 4063 usque
1074 3965 1122 4039 ad
1136 3964 1289 4040 tertiam
1303 3975 1448 4065 partem
1461 3962 1542 4064 [tri-

424 4101 624 4176 Praeterire
642 4127 786 4176 ramum
803 4102 884 4178 sine
903 4105 1172 4180 extremitate:

426 4241 600 4340 Quisque
617 4243 794 4343 princeps
814 4268 863 4318 ex
883 4245 1014 4321 amicis
1032 4247 1152 4320 vestri
1169 4245 1352 4347 principis
1423 4227 1428 4246 ’

428 4381 613 4481 (Seligat)
634 4385 747 4459 tollat
764 4385 812 4459 de
830 4385 1006 4462 hostibus
1024 4387 1127 4486 quod
1144 4413 1295 4487 aequum
1314 4401 1382 4480 est,

421 4521 472 4596 Et
490 4547 538 4596 ne
556 4527 770 4624 permittite
787 4527 885 4627 proli
903 4528 1103 4620 clivorum,

425 4663 566 4738 Semini
584 4665 715 4742 insulae
733 4668 927 4745 fuscorum
944 4693 1122 4771 aprorum
1138 4692 1372 4769 magnorum,

423 4803 563 4881 Redire
582 4817 683 4882 trans
702 4834 887 4886 oceanum
904 4811 952 4886 ad
970 4835 1076 4887 suam
1093 4813 1271 4884 terram.”
