4172 5982
368 805 406 859 v·
428 789 612 863 550-578.
820 777 1028 856 FINGAL

368 1005 447 1094 Qui
464 1005 618 1080 sustulit
635 1003 824 1102 mugitum
842 1003 976 1076 oceani
995 1001 1134 1104 magni,

369 1147 547 1245 Loquens
566 1145 666 1218 inter
683 1169 787 1218 meos
804 1145 923 1218 malos
942 1142 1088 1220 validos

370 1286 469 1362 Cum
487 1287 670 1361 memorii
687 1311 779 1360 meae
798 1285 902 1360 silvae
922 1286 1084 1377 eximiae‚

369 1429 480 1504 Silvae
497 1428 697 1520 Gormalae‚
720 1428 827 1528 cujus
847 1439 906 1502 est
920 1427 1172 1503 viridissimus
1192 1429 1306 1520 color,

370 1571 467 1657 Quae
486 1571 654 1658 fleetitur
671 1571 816 1644 alterne
834 1571 905 1646 sub
924 1581 1054 1661 vent0,

371 1713 517 1788 Cruore
535 1713 803 1788 arborescente
821 1737 933 1814 super
951 1709 1060 1786 hasta
1076 1711 1334 1804 victoriarum,

306 1857 308 1864 '
372 1853 519 1930 Cruore
537 1879 711 1954 aprorum
729 1853 923 1929 fuscorurn
942 1853 1062 1928 rabiei
1081 1853 1245 1944 insanae;

371 1997 452 2072 Det
469 1995 650 2071 Cucullin
667 1995 761 2070 mihi
780 1995 979 2088 tributum,

370 2137 513 2236 Selium
533 2136 711 2213 Cormaei
731 2138 972 2212 caerulearum
992 2162 1227 2239 parmarum

372 2279 459 2356 Nisi
478 2280 555 2370 det,
578 2279 729 2377 quando
748 2279 997 2355 renovabitur
1014 2291 1218 2371 certarnen,

374 2419 458 2496 Erit
474 2419 568 2494 mihi
587 2421 675 2495 Fala
691 2447 758 2522 per
777 2423 857 2521 ejus
876 2421 977 2494 rivos
999 2433 1040 2496 et
1058 2421 1221 2496 clivos.”

429 2570 454 2605 “
471 2563 541 2637 Est
557 2563 732 2637 luctuosa
749 2562 870 2652 vox,'’
888 2561 1016 2659 inquit
1034 2563 1185 2652 bardus,

380 2711 405 2747 “
423 2706 548 2792 Quam
568 2703 692 2778 edidit
708 2705 893 2778 Suaranus
910 2701 1106 2779 fuscorum
1124 2708 1359 2780 scutonrm.’'
1491 2741 1493 2750 ν

381 2855 406 2889 “
423 2846 493 2921 Est
510 2848 684 2921 luctuosa
701 2846 774 2920 sibi
791 2845 863 2945 ipsi
881 2843 1071 2937 tantum,’'

376 2987 592 3088 Respondit
610 2989 709 3062 filius
726 2988 825 3062 Semi
844 2989 1033 3089 princeps.

381 3137 406 3171 “
425 3129 550 3220 Carul,
572 3129 665 3206 tolle
684 3140 789 3204 tuem
807 3153 944 3230 uocem
962 3129 1038 3204 alte

377 3271 439 3345 De
459 3295 608 3367 quaque
626 3269 812 3371 progenie
831 3295 914 3368 quae
931 3269 1009 3342 fuit
1024 3293 1098 3344 nec
1114 3280 1174 3344 est
1190 3269 1303 3361 viva3

381 3410 636 3487 Consumetur
653 3403 733 3485 nori
753 3411 793 3484 in
810 3410 916 3486 suavi
939 3411 1129 3504 cannine3

378 3551 604 3627 Inveniatur
621 3551 805 3652 gaudium
822 3550 863 3625 in
880 3552 999 3626 luctu.

380 3693 551 3770 Fuerunt
566 3693 719 3795 plurimi
735 3691 871 3768 heroes
887 3702 928 3768 et
941 3693 1111 3793 virgines
1128 3721 1212 3793 quae
1227 3707 1336 3773 erant
1354 3698 1501 3774 blandae

382 3837 480 3923 Quae
498 3837 769 3910 movebant-se
787 3836 835 3910 ab
853 3833 965 3910 initio
984 3834 1025 3908 in
1042 3835 1164 3910 insula
1181 3833 1287 3914 Fal'ae.

381 3978 476 4052 Sunt
488 3978 663 4078 jucunda
681 3978 848 4053 carmina
864 3977 913 4051 de
926 3977 1323 4078 juvenibus-fortibus

382 4121 417 4194 A
434 4120 592 4220 regione
610 4121 718 4194 Albae
737 4144 915 4194 sonorum
932 4121 1106 4211 altorum,

388 4263 575 4362 (Quando
595 4261 760 4338 subsidit
777 4263 956 4362 strepitus
975 4263 1157 4360 venatus)
1291 4331 1294 4336 ,

385 4403 461 4480 Sub
480 4429 577 4479 voce
596 4403 747 4479 Ossiani
765 4405 935 4480 dulcium
952 4406 1162 4496 modorum,
1409 4411 1507 4507 [rum

385 4543 436 4620 Et
459 4547 668 4646 respondet
696 4559 1128 4646 montanunr-eacumen
1151 4548 1507 4627 rubrorum·cervo·

386 4687 488 4762 Rivo
509 4687 625 4762 Conae
645 4713 823 4763 sonorum
842 4689 1076 4763 lentorunr.’'

372 4903 376 4914 ,
435 4828 551 4904 Dixit
570 4828 697 4918 Carul,
724 4837 748 4870 “
766 4841 939 4930 ternpore
957 4831 1050 4906 olim
1071 4831 1305 4932 (praeterito)
1376 4877 1379 4886 .

383 4969 556 5049 Advenit
573 4969 652 5048 huc
671 4971 785 5048 robur
802 4971 947 5061 oceani,
