4194 6006
380 787 417 842 v.
436 771 618 852 lla-489,
808 759 1016 838 FINGAL.

379 985 567 1061 Cademus
586 1009 664 1075 nos,
686 997 882 1082 utcunque
899 981 1029 1080 magni
1047 991 1088 1056 et
1104 981 1317 1081 sapientesz

378 1127 473 1200 Sunt
490 1127 547 1200 sui
566 1125 646 1200 dies
664 1123 841 1200 heroibus
859 1127 1095 1224 plagamm.”

424 1267 525 1341 Talis
545 1266 621 1341 fuit
639 1279 725 1342 tuus
742 1266 880 1356 luctus,
902 1291 925 1340 o
944 1291 1013 1340 rex
1031 1266 1206 1356 telorum,

377 1408 541 1495 Quando
561 1408 798 1483 condebatur
815 1407 885 1483 sub
903 1409 1236 1482 molem-saxosam
1254 1407 1386 1484 Roena

377 1551 532 1636 Quanta
549 1561 607 1623 est
623 1548 849 1649 magnitudo
869 1550 994 1624 luctus
1014 1549 1078 1646 qui
1099 1561 1156 1622 est
1173 1573 1286 1650 super
1302 1549 1474 1642 Ossiano,

374 1690 431 1765 Te
448 1691 541 1791 ipso,
563 1691 921 1792 domino-principe,
943 1691 1024 1766 sine
1042 1690 1165 1780 animb
1181 1694 1189 1766 l

375 1831 466 1907 Non
483 1832 596 1906 audio
614 1857 688 1931 ego
708 1833 747 1906 in
766 1831 874 1907 Conb
890 1844 993 1907 tuam
1012 1857 1160 1923 vocem,

254 1965 259 1976 “
374 1973 465 2048 Non
484 1973 654 2048 cernitur
671 1986 780 2048 tuum
798 1973 1066 2050 simulachrum
1083 1975 1130 2051 ab
1148 1975 1261 2050 oculo
1279 1999 1398 2052 coeco.

375 2115 533 2190 Plurimi
550 2128 639 2191 sunt
655 2115 736 2190 dies
755 2125 795 2190 et
812 2129 946 2190 noctes
965 2116 1116 2214 frigidae
1226 2171 1234 2182 ,

374 2257 525 2344 Quibus
543 2258 659 2331 sedeo
680 2257 727 2331 ad
746 2271 854 2332 tuum
873 2257 1115 2359 sepulchrum
1134 2257 1204 2333 sub
1223 2257 1478 2333 mole-saxosa
1489 2283 1500 2348 ;

375 2397 491 2499 Palpo
509 2401 578 2474 sub
596 2424 680 2474 mea
696 2425 810 2474 manu
828 2400 922 2474 illud
941 2400 981 2473 in
999 2397 1221 2500 praecipitio,

371 2539 481 2613 Inter
498 2552 537 2613 te
555 2540 785 2615 laudandum
803 2542 1040 2640 poematibus
1058 2541 1272 2616 bardorum.

374 2679 540 2766 Quando
558 2679 746 2779 imaginor
763 2707 823 2757 me
842 2683 970 2757 audire
992 2696 1097 2757 tuam
1115 2658 1262 2774 vocem,

370 2818 440 2894 Est
458 2821 593 2895 flamen
608 2833 733 2894 atrum
750 2823 886 2898 noctis.

372 2961 547 3060 Longum
563 2976 622 3037 est
634 2975 783 3064 tempus
797 2960 819 3036 ὲ
832 2963 895 3037 die
910 2988 985 3061 quo
1000 2961 1177 3038 cecidisti
1191 2973 1232 3038 tu
1247 2961 1286 3037 in
1301 2987 1483 3065 soporem,
1556 2973 1560 2982 '

370 3102 525 3178 Eximio
542 3105 624 3178 dux
643 3103 821 3178 durorum
840 3103 1102 3180 certaminum.

419 3243 611 3318 Sedebant
628 3246 760 3320 Gallus
777 3259 817 3320 et
835 3245 1015 3320 Ossianus
1033 3271 1083 3321 ex
1102 3247 1264 3321 adverso

369 3383 486 3458 Simul
504 3410 592 3460 cum
610 3386 771 3462 Suarano
791 3387 973 3462 undarum

368 3526 415 3600 In
433 3526 643 3628 praecipitio
662 3527 819 3604 Lubaris
837 3527 1073 3603 viridissimae
1091 3527 1245 3630 speciei.

368 3666 542 3743 Percussi
559 3693 633 3768 ego
652 3668 837 3744 citharam
855 3669 948 3768 regi,

367 3808 456 3884 Fuit
475 3809 555 3910 ejus
578 3809 819 3910 supercilium
839 3834 889 3884 ex
908 3810 1116 3886 certamine
1133 3823 1296 3887 torvum.

365 3947 498 4024 Vertit
514 3951 578 4026 ille
595 3951 675 4051 ejus
693 3952 849 4026 rubrum
867 3953 1019 4027 oculum
1039 3953 1087 4028 ad
1107 3953 1273 4044 Lenam3

366 4088 455 4164 Fuit
472 4088 582 4167 heros
601 4092 670 4167 sub
688 4091 845 4167 tristitia
861 4091 1010 4190 [tristis]
1028 4094 1133 4168 circa
1150 4121 1257 4169 suum
1274 4093 1467 4198 populum.

413 4231 572 4308 Elevavi
591 4258 666 4334 ego
682 4257 809 4310 meum
828 4234 949 4309 visum
967 4235 1014 4310 ad
1033 4233 1237 4328 Cromlam,

363 4369 414 4444 Et
430 4371 512 4446 vidi
529 4399 711 4472 magnum
728 4376 847 4450 filium
865 4377 988 4467 Semi3

361 4511 548 4604 Tetricus,
571 4515 702 4591 tardus
720 4516 923 4592 inclinavit
940 4517 1004 4593 ille
1022 4518 1097 4594 iter

363 4651 398 4726 A
416 4651 519 4727 clivo
535 4653 583 4728 ad
603 4679 803 4730 cavernam
819 4657 929 4732 Turae
947 4660 1059 4735 solus.

360 4791 473 4870 Vidit
492 4794 557 4869 illc
574 4797 645 4872 sub
663 4797 828 4874 victoria
843 4800 1078 4902 principem3
