4184 5998
376 778 415 830 v.
436 762 617 833 sot-³81.
818 753 1051 832 TEMORA.
1090 871 1096 884 Ι

375 977 472 1054 Cum
492 977 575 1078 ejus
592 977 790 1053 arboribus
808 975 953 1052 sonoris
971 974 1117 1053 crassis.

373 1119 550 1194 Perrexit
567 1117 733 1194 Crothar
749 1117 790 1192 in
808 1129 1004 1196 certamen
1019 1129 1216 1209 strenuum

373 1259 491 1360 Fugit
506 1261 692 1336 Alnecma
709 1261 779 1335 sub
797 1259 936 1336 damno
955 1285 977 1336 a
993 1261 1120 1351 clivo;

372 1401 570 1478 Iter-fecit
588 1427 668 1494 rex,
689 1401 757 1477 sed
775 1401 902 1476 lentus
923 1400 1039 1500 (fuit)
1060 1401 1142 1502 ejus
1159 1426 1311 1502 passum

372 1543 511 1618 Animo
528 1509 657 1644 prenso
675 1542 745 1618 aub
763 1543 871 1618 luctu
888 1542 964 1618 irae.

373 1683 624 1760 Coruscatum
644 1697 703 1758 eat
719 1683 767 1759 ab
786 1683 853 1758 illo
871 1707 1001 1758 versus
1020 1683 1220 1760 meridiem
1236 1683 1378 1786 posted,

372 1825 498 1900 Instar
514 1825 604 1900 solis
622 1825 795 1900 autumni
814 1821 878 1924 qui
896 1849 975 1899 non
993 1839 1053 1900 est
1071 1826 1229 1918 validus,

374 1966 541 2054 Quando
558 1967 667 2042 venit
683 1967 748 2042 ille
766 1967 807 2042 in
828 1966 973 2042 amictu
990 1965 1160 2059 nubium,

372 2109 433 2183 Ad
449 2107 582 2182 Laram
603 2107 771 2207 rivorum
789 2117 830 2184 et
847 2107 1085 2184 nimborum:

372 2247 457 2324 Erit
473 2275 534 2324 ros
552 2275 664 2350 super
682 2273 891 2326 marcorem
910 2274 1113 2350 agrorum;

373 2389 443 2466 Est
460 2414 590 2466 eorum
612 2389 773 2466 radiatio
790 2390 972 2492 languide
990 2390 1060 2466 sub
1078 2391 1224 2466 luctu”

426 2539 451 2575 “
469 2532 597 2619 Quare
614 2531 904 2634 expergefaciat
922 2531 1060 2608 bardus
1076 2531 1170 2608 mihi
1188 2532 1300 2634 ipsi,”
1397 2607 1404 2622 ,

373 2673 491 2750 Dixit
503 2671 687 2748 Cathmor
697 2671 1128 2762 strenuus,“bellatores
1145 2674 1293 2770 [eorum
1305 2673 1385 2772 (sit)
1396 2671 1520 2750 fama?

374 2815 451 2904 Qui
465 2815 730 2913 relinquerunt
745 2813 907 2912 (aciem)
925 2813 1086 2924 olivump
1095 2813 1341 2911 quantumvis
1359 2841 1497 2914 magna

373 2957 478 3034 Num
496 2955 758 3032 inclinavit-se
776 2967 968 3056 spectrum
986 2953 1026 3028 in
1044 2965 1148 3030 tuam
1167 2979 1297 3030 aurem
1314 2956 1336 3030 ὲ
1354 2957 1455 3032 nube

373 3098 434 3174 Ad
447 3095 692 3173 Cathmorem
702 3094 934 3172 mittendum
946 3095 1122 3172 deorsum
1134 3096 1182 3172 ab
1198 3097 1321 3197 (acie)
1336 3098 1494 3200 planitie

375 3237 473 3316 Cum
490 3235 784 3312 narratiunculis
801 3235 909 3310 vania
926 3237 1107 3336 temporis
1125 3237 1301 3336 antiqui?

374 3379 455 3456 Vos
473 3377 538 3478 qui
554 3376 736 3453 habitatis
755 3377 795 3451 in
814 3401 880 3452 ora
896 3378 1069 3470 nubium,

228 3573 233 3580 ·
373 3519 480 3596 Sicut
496 3519 635 3594 flamen
651 3518 771 3594 nimbi
791 3518 890 3618 (est)
912 3531 1043 3594 vestra
1058 3543 1138 3594 vox
1156 3518 1251 3596 mihi
1269 3521 1352 3622 ipsi,

374 3662 492 3752 Quod
510 3657 715 3764 prehendit
731 3669 847 3761 caput
864 3659 1091 3736 carduorum
1108 3661 1318 3761 nigrorum,

372 3803 608 3905 Dispergens
625 3800 823 3878 dimidiam
841 3801 996 3877 barbam
1014 3827 1125 3904 super
1140 3785 1319 3882 rivulum.

372 3941 442 4046 Eat
458 3967 537 4018 vox
556 3941 742 4018 submissa
758 3941 798 4016 in
815 3941 944 4018 medio
962 3966 1049 4018 meo
1066 3955 1235 4044 pectore,

373 4085 471 4172 Quae
487 4107 566 4160 non
582 4081 676 4158 ferit
692 4106 821 4157 aurem
839 4081 950 4156 aliam
969 4107 1057 4158 cum
1075 4083 1156 4184 ejus
1174 4109 1279 4163 sono.

373 4225 448 4302 Suo
466 4225 592 4300 animo
611 4237 670 4300 est
687 4223 872 4300 coercitio
890 4223 930 4298 in
948 4249 1079 4326 regem
1097 4225 1239 4318 Iemes,

373 4367 423 4443 Et
440 4393 518 4444 nou
535 4365 725 4468 relinquet
742 4367 807 4444 ille
823 4377 971 4467 post-se
988 4371 1223 4444 certamen.’'

420 4508 718 4598 Se·eontrahens
735 4509 810 4584 ivit
826 4507 1004 4586 deorsum
1022 4482 1161 4586 bardus
1181 4509 1221 4584 iu
1237 4521 1353 4586 nocte

371 4649 596 4724 Se·movens
619 4650 701 4726 sine
718 4651 805 4726 luce
823 4649 925 4726 ultrl
941 4649 1136 4744 fluentum,

372 4789 423 4866 Et
440 4791 616 4890 cogitans
634 4815 748 4893 super
765 4791 900 4868 diebus
917 4791 1042 4882 Atha,

424 4953 525 5008 nou.
549 4955 599 5009 11.
863 4957 931 5008 aa
