4184 5998
779 1509 1192 1621 TEMORA.

831 1928 1057 2008 CARMEN
1080 1929 1134 2008 11.

901 2354 937 2404 v.
960 2335 1065 2409 1-17.

423 2443 460 2544 P
463 2491 573 2542 anan
589 2466 804 2572 principum
822 2467 1052 2570 ingentium,
1074 2466 1310 2559 oTrenrnm,

422 2607 532 2708 (Est)
553 2609 712 2684 arduum
729 2608 967 2684 domicilium
985 2608 1057 2683 tibi
1072 2609 1144 2708 ipsi
1162 2609 1360 2688 turbincus
1378 2621 1518 2712 uentus

421 2749 529 2826 Inter
545 2752 715 2826 tonitrua
732 2749 923 2826 atro-rufa
940 2749 1134 2840 coelorum,

421 2891 518 2991 Igne
536 2891 619 2966 aeris
638 2891 808 2966 findente
826 2891 957 2966 nubes.

418 3033 535 3134 Aperi
552 3032 683 3107 sedem
700 3032 847 3108 fuscam
865 2993 1152 3132 procellarum·

421 3175 512 3274 (Et)
532 3175 693 3250 veniant
710 3173 819 3250 bardi
839 3197 926 3248 curn
943 3197 1134 3249 murmure
1155 3175 1363 3251 carminum
1378 3204 1389 3268 ;

419 3315 589 3392 Veniant
607 3315 661 3390 illi
678 3313 700 3390 ὲ
718 3327 889 3414 tempore
907 3311 1011 3412 quod
1034 3313 1270 3408 sodeflexit,

421 3456 520 3532 Cum
538 3455 693 3531 citharis
711 3455 885 3530 inanibus
902 3453 991 3529 huc.

421 3599 536 3673 Haud
557 3597 657 3673 iners
678 3601 778 3696 (est)
799 3598 865 3696 qui
882 3595 1033 3672 habitat
1050 3597 1090 3672 in
1108 3621 1248 3698 vapore
1265 3598 1397 3689 lento;

422 3737 536 3813 Haud
554 3751 717 3815 venator
736 3739 836 3838 (est)
857 3739 971 3815 rivuli
989 3739 1143 3839 angusti
1161 3739 1202 3814 in
1223 3765 1368 3840 campo,

421 3879 491 3955 Eat
506 3879 571 3954 ille
589 3879 710 3955 Oscor
724 3905 905 3956 curruum
923 3883 989 3980 qui
1007 3881 1116 3956 adest

421 4023 456 4096 A
473 4023 576 4098 clivo
595 4022 847 4097 conflictuum
865 4047 1083 4124 asperorum
1101 4033 1142 4097 et
1159 4023 1423 4101 certaminum.

421 4161 491 4238 Est
507 4163 631 4238 subita
645 4175 710 4238 tua
725 4163 898 4254 mutatio,
920 4163 971 4238 mi
990 4164 1056 4256 fili,

422 4305 457 4380 A
473 4305 540 4380 tua
556 4304 684 4414 specie
702 4328 813 4404 super
830 4303 941 4380 fusca
955 4305 1136 4397 Molen23

422 4445 493 4520 Est
510 4445 647 4521 flamen
664 4457 704 4519 te
720 4459 874 4520 vertens
892 4445 961 4520 sub
980 4445 1062 4548 ejus
1081 4446 1326 4542 coercitione,

423 4585 524 4690 Cum
543 4599 601 4661 est
618 4610 795 4661 sonorum
814 4587 895 4686 ejus
914 4585 1028 4662 robur
1045 4587 1086 4662 in
1103 4589 1221 4664 coelis.

422 4729 483 4804 An
498 4726 684 4830 prospicis
701 4739 745 4801 tu
761 4726 808 4802 ad
827 4740 985 4828 patrem,
1007 4727 1072 4824 qui
1089 4741 1149 4804 est
1166 4728 1371 4829 languidus
