4224 5996
408 775 640 858 v.463-490.
857 768 1062 844 FINGAL.

449 995 559 1069 Tunc
576 991 742 1068 surrexit
759 988 857 1065 filius
877 989 1025 1064 Momae
1043 988 1158 1078 lente,

404 1134 536 1209 Gallus
553 1145 598 1207 ut
614 1157 723 1233 rupes
742 1133 841 1206 ultra
858 1129 898 1202 in
915 1139 1042 1219 nocte,

401 1276 509 1350 Voce
527 1276 644 1349 instar
661 1271 825 1347 fluminis
842 1269 972 1369 magni
989 1268 1397 1359 molium-saxosarum,

402 1415 635 1491 Dum-hasti
651 1438 769 1511 usque
786 1411 833 1486 ad
852 1411 933 1510 ejus
951 1421 1067 1510 caput
1083 1409 1273 1508 fulgente.

455 1565 480 1600 “
498 1556 567 1630 Fili
585 1555 838 1644 certaminis,”
857 1553 962 1626 dixit
979 1551 1166 1651 princeps,

408 1703 431 1740 “
450 1697 535 1772 Rex
554 1697 750 1770 Morvenis
768 1705 964 1770 seutomm
982 1705 1022 1767 et
1038 1693 1273 1792 poculorum,

403 1837 487 1911 Sint
503 1837 611 1910 bardi
629 1837 880 1912 immittentes
899 1847 1053 1910 cantum
1071 1834 1184 1922 olivo,

406 1977 466 2052 De
485 1977 614 2052 amicis
633 1979 761 2051 Iemes
779 1977 869 2052 saevi
888 1975 1037 2050 furoris.

345 2157 348 2162 ·
407 2117 504 2205 Rex,
527 2118 650 2191 conde
668 2117 707 2190 in
726 2117 904 2215 vaginam
922 2126 1028 2189 tuum
1046 2111 1227 2213 gladium,

407 2256 468 2331 Da
485 2269 553 2331 tuo
572 2259 710 2357 populo
728 2281 837 2331 suurn
849 2257 923 2356 jus,
944 2255 1143 2355 princeps3
1430 2248 1522 2346 [tior

407 2399 539 2472 Sumus
557 2423 625 2472 nos
643 2411 870 2488 marcentes,
888 2409 928 2472 et
944 2395 1043 2498 (est)
1059 2407 1190 2468 nostra
1207 2379 1328 2493 gloria
1344 2404 1518 2468 eontrac·
1586 2387 1593 2394 ’

406 2537 461 2612 Te
479 2537 560 2636 ipso
577 2534 780 2636 frangente
797 2505 1094 2636 unumquodilue
1112 2549 1276 2612 scutum.

409 2678 572 2764 Quando
591 2677 734 2752 orietur
752 2703 886 2753 aurora
902 2703 1015 2779 super
1031 2676 1253 2778 praecipitia,

385 2867 389 2874 ·
407 2819 563 2894 Intuere
581 2821 711 2918 procul
729 2821 890 2922 superne
905 2831 1037 2894 nostra
1053 2817 1178 2909 facta3

408 2957 554 3032 Sentiat
572 2957 733 3034 Lochlin
750 2960 790 3034 in
808 2961 875 3034 ort
891 2959 1036 3050 oceani,

410 3099 525 3185 Quod
544 3113 603 3174 est
620 3101 770 3198 gladius
787 3101 883 3174 alter
900 3100 1001 3174 inter
1017 3097 1229 3198 fugandum
1247 3096 1330 3174 sine
1348 3107 1466 3174 metu.

406 3239 515 3315 Tune
533 3241 711 3338 loquetur
729 3239 867 3314 bardus
885 3238 934 3314 de
950 3264 1012 3314 me
1029 3239 1122 3340 ipso.

410 3379 479 3456 Est
495 3380 578 3456 haee
597 3381 835 3456 consuetudo
855 3407 938 3478 quae
955 3379 1033 3454 fuit
1049 3402 1198 3478 semper

407 3519 520 3619 Apud
537 3520 760 3620 progeniem
777 3532 972 3597 scutorum
989 3519 1028 3592 in
1046 3543 1203 3619 camp03

410 3660 497 3734 Fuit
514 3659 596 3734 haeo
614 3672 681 3734 tua
698 3659 933 3734 consuetudo
949 3659 1077 3760 ipsius,
1097 3659 1283 3760 princeps,

410 3801 457 3874 In
475 3799 658 3874 conflictu
675 3783 777 3876 eirea
793 3825 906 3897 quem
925 3813 1120 3876 curvat-se
1136 3797 1282 3875 hasta”
1382 3837 1387 3848 ·

463 3941 606 4015 “Nate
624 3941 799 4031 Moma,”
818 3941 921 4015 dixit
938 3967 1018 4033 rex,

415 4087 439 4121 “
456 4079 590 4153 Oritur
611 4080 709 4178 (est)
730 4105 815 4154 mea
831 4081 1004 4180 superbia
1022 4082 1176 4157 omnino
1193 4082 1243 4156 de
1260 4092 1325 4156 tua
1340 4079 1463 4173 fama3

412 4220 559 4295 Ordine
575 4221 748 4320 proelium
764 4221 803 4295 in
820 4223 1027 4297 luctamine
1045 4221 1271 4312 conflictum

411 4360 497 4435 Erit
515 4361 624 4436 hasta
640 4389 723 4460 quse
741 4387 818 4436 non
835 4374 894 4437 est
910 4363 1033 4437 mollis
1045 4363 1162 4462 juxta
1178 4379 1286 4437 tuum
1304 4375 1467 4462 tergum.

409 4503 562 4591 Tollite,
583 4502 707 4576 tollite
729 4503 924 4602 (cantum)
945 4528 1075 4578 semen
1093 4503 1322 4592 carminum

413 4643 591 4719 Claudite
611 4643 782 4741 graviter
797 4667 882 4717 mea
899 4643 1009 4734 cilia;

411 4781 434 4856 J
438 4806 567 4858 aceam
584 4794 722 4860 stratus
740 4782 789 4860 ad
806 4784 972 4859 sonitum
990 4783 1176 4858 undarum
