<?xml version="1.0" encoding="UTF-8"?>
<!DOCTYPE html PUBLIC "-//W3C//DTD XHTML 1.0 Transitional//EN"
    "http://www.w3.org/TR/xhtml1/DTD/xhtml1-transitional.dtd">
<html xmlns="http://www.w3.org/1999/xhtml" xml:lang="en" lang="en">
 <head>
  <title>
</title>
<meta http-equiv="Content-Type" content="text/html;charset=utf-8" />
  <meta name='ocr-system' content='tesseract 3.04.00' />
  <meta name='ocr-capabilities' content='ocr_page ocr_carea ocr_par ocr_line ocrx_word'/>
</head>
<body>
  <div class='ocr_page' id='page_1' title='image "./poemsossianinor00londgoog_0368.png"; bbox 0 0 4184 5998; ppageno 0'>
   <div class='ocr_carea' id='block_1_1' title="bbox 405 771 1527 856">
    <p class='ocr_par' dir='ltr' id='par_1_1' title="bbox 405 771 1527 856">
     <span class='ocr_line' id='line_1_1' title="bbox 405 771 1527 856; baseline 0.004 -4"><span class='ocrx_word' id='word_1_1' title='bbox 405 800 442 852; x_wconf 72' lang='lat' dir='ltr'><strong>v,</strong></span> <span class='ocrx_word' id='word_1_2' title='bbox 463 776 648 854; x_wconf 71' lang='lat' dir='ltr'><strong>uss-465.</strong></span> <span class='ocrx_word' id='word_1_3' title='bbox 849 771 1079 850; x_wconf 69' lang='lat' dir='ltr'><strong>TEMolut</strong></span> <span class='ocrx_word' id='word_1_4' title='bbox 1455 779 1527 856; x_wconf 81' lang='lat'><strong>³59</strong></span> 
     </span>
    </p>
   </div>
   <div class='ocr_carea' id='block_1_2' title="bbox 405 993 1553 1943">
    <p class='ocr_par' dir='ltr' id='par_1_2' title="bbox 406 993 1551 1094">
     <span class='ocr_line' id='line_1_2' title="bbox 406 993 1551 1094; baseline -0.003 -18"><span class='ocrx_word' id='word_1_5' title='bbox 406 997 578 1076; x_wconf 89' lang='lat' dir='ltr'><strong>Cerncnt</strong></span> <span class='ocrx_word' id='word_1_6' title='bbox 590 997 645 1073; x_wconf 91' lang='lat' dir='ltr'><strong>illi</strong></span> <span class='ocrx_word' id='word_1_7' title='bbox 658 1019 743 1072; x_wconf 90' lang='lat' dir='ltr'><strong>eum</strong></span> <span class='ocrx_word' id='word_1_8' title='bbox 755 993 992 1072; x_wconf 85' lang='lat' dir='ltr'><strong>sicutlocum</strong></span> <span class='ocrx_word' id='word_1_9' title='bbox 1006 995 1159 1073; x_wconf 86' lang='lat' dir='ltr'><strong>terroris</strong></span> <span class='ocrx_word' id='word_1_10' title='bbox 1184 998 1330 1094; x_wconf 87' lang='lat' dir='ltr'><strong>[eorum</strong></span> <span class='ocrx_word' id='word_1_11' title='bbox 1342 1001 1551 1074; x_wconf 86' lang='lat' dir='ltr'><strong>mentem.&#39;’</strong></span> 
     </span>
    </p>

    <p class='ocr_par' dir='ltr' id='par_1_3' title="bbox 407 1134 1553 1380">
     <span class='ocr_line' id='line_1_3' title="bbox 407 1134 1553 1240; baseline -0.001 -26"><span class='ocrx_word' id='word_1_12' title='bbox 407 1139 686 1214; x_wconf 89' lang='lat' dir='ltr'><strong>Immittentem</strong></span> <span class='ocrx_word' id='word_1_13' title='bbox 702 1137 874 1218; x_wconf 84' lang='lat' dir='ltr'><strong>laetitiam</strong></span> <span class='ocrx_word' id='word_1_14' title='bbox 892 1149 932 1214; x_wconf 85' lang='lat' dir='ltr'><strong>et</strong></span> <span class='ocrx_word' id='word_1_15' title='bbox 949 1134 1185 1237; x_wconf 85' lang='lat' dir='ltr'><strong>(tristitiam)</strong></span> <span class='ocrx_word' id='word_1_16' title='bbox 1203 1136 1426 1212; x_wconf 89' lang='lat' dir='ltr'><strong>torvitatem</strong></span> <span class='ocrx_word' id='word_1_17' title='bbox 1442 1160 1553 1240; x_wconf 89' lang='lat' dir='ltr'><strong>super</strong></span> 
     </span>
     <span class='ocr_line' id='line_1_4' title="bbox 458 1277 1369 1380; baseline 0 -26"><span class='ocrx_word' id='word_1_18' title='bbox 458 1283 483 1320; x_wconf 91' lang='lat'><strong>“</strong></span> <span class='ocrx_word' id='word_1_19' title='bbox 496 1281 554 1354; x_wconf 89' lang='lat' dir='ltr'><strong>An</strong></span> <span class='ocrx_word' id='word_1_20' title='bbox 573 1279 852 1356; x_wconf 84' lang='lat' dir='ltr'><strong>obliviscentur</strong></span> <span class='ocrx_word' id='word_1_21' title='bbox 869 1279 966 1370; x_wconf 85' lang='lat' dir='ltr'><strong>illi,”</strong></span> <span class='ocrx_word' id='word_1_22' title='bbox 986 1277 1163 1378; x_wconf 75' lang='lat' dir='ltr'>respondi</span> <span class='ocrx_word' id='word_1_23' title='bbox 1183 1302 1258 1378; x_wconf 86' lang='lat' dir='ltr'><strong>ego</strong></span> <span class='ocrx_word' id='word_1_24' title='bbox 1276 1278 1369 1380; x_wconf 87' lang='lat' dir='ltr'><strong>ipse,</strong></span> 
     </span>
    </p>

    <p class='ocr_par' dir='ltr' id='par_1_4' title="bbox 409 1419 1212 1520">
     <span class='ocr_line' id='line_1_5' title="bbox 409 1419 1212 1520; baseline -0.002 -25"><span class='ocrx_word' id='word_1_25' title='bbox 409 1427 435 1462; x_wconf 89' lang='lat'><strong><em>“</em></strong></span> <span class='ocrx_word' id='word_1_26' title='bbox 453 1419 598 1495; x_wconf 90' lang='lat' dir='ltr'><strong>Locum</strong></span> <span class='ocrx_word' id='word_1_27' title='bbox 616 1423 830 1496; x_wconf 81' lang='lat' dir='ltr'><strong>conventds</strong></span> <span class='ocrx_word' id='word_1_28' title='bbox 849 1420 1013 1496; x_wconf 84' lang='lat' dir='ltr'><strong>strenuis</strong></span> <span class='ocrx_word' id='word_1_29' title='bbox 1032 1420 1071 1494; x_wconf 90' lang='lat' dir='ltr'><strong>in</strong></span> <span class='ocrx_word' id='word_1_30' title='bbox 1089 1421 1212 1520; x_wconf 87' lang='lat' dir='ltr'><strong>pace?</strong></span> 
     </span>
    </p>

    <p class='ocr_par' dir='ltr' id='par_1_5' title="bbox 405 1559 1325 1669">
     <span class='ocr_line' id='line_1_6' title="bbox 405 1559 1325 1669; baseline -0.001 -32"><span class='ocrx_word' id='word_1_31' title='bbox 405 1561 467 1638; x_wconf 90' lang='lat' dir='ltr'><strong>An</strong></span> <span class='ocrx_word' id='word_1_32' title='bbox 486 1573 549 1638; x_wconf 86' lang='lat' dir='ltr'><strong>est¹</strong></span> <span class='ocrx_word' id='word_1_33' title='bbox 562 1559 776 1638; x_wconf 84' lang='lat' dir='ltr'><strong>recordatio</strong></span> <span class='ocrx_word' id='word_1_34' title='bbox 792 1561 1011 1639; x_wconf 75' lang='lat' dir='ltr'><strong>certaminis</strong></span> <span class='ocrx_word' id='word_1_35' title='bbox 1029 1561 1069 1637; x_wconf 93' lang='lat' dir='ltr'><strong>in</strong></span> <span class='ocrx_word' id='word_1_36' title='bbox 1088 1573 1325 1669; x_wconf 60' lang='lat' dir='ltr'><strong>perpetuum⁴</strong></span> 
     </span>
    </p>

    <p class='ocr_par' dir='ltr' id='par_1_6' title="bbox 405 1701 1163 1804">
     <span class='ocr_line' id='line_1_7' title="bbox 405 1701 1163 1804; baseline -0.003 -26"><span class='ocrx_word' id='word_1_37' title='bbox 405 1703 514 1778; x_wconf 85' lang='lat' dir='ltr'><strong>Adeo</strong></span> <span class='ocrx_word' id='word_1_38' title='bbox 525 1702 701 1802; x_wconf 88' lang='lat' dir='ltr'><strong>jucunda</strong></span> <span class='ocrx_word' id='word_1_39' title='bbox 716 1703 901 1804; x_wconf 86' lang='lat' dir='ltr'><strong>superbiae</strong></span> <span class='ocrx_word' id='word_1_40' title='bbox 919 1701 1163 1802; x_wconf 82' lang='lat' dir='ltr'><strong>principum?</strong></span> 
     </span>
    </p>

    <p class='ocr_par' dir='ltr' id='par_1_7' title="bbox 405 1841 1201 1943">
     <span class='ocr_line' id='line_1_8' title="bbox 405 1841 1201 1943; baseline 0 -25"><span class='ocrx_word' id='word_1_41' title='bbox 405 1841 546 1918; x_wconf 86' lang='lat' dir='ltr'><strong>Nonne</strong></span> <span class='ocrx_word' id='word_1_42' title='bbox 564 1844 754 1920; x_wconf 87' lang='lat' dir='ltr'><strong>cernimus</strong></span> <span class='ocrx_word' id='word_1_43' title='bbox 772 1869 860 1920; x_wconf 90' lang='lat' dir='ltr'><strong>cum</strong></span> <span class='ocrx_word' id='word_1_44' title='bbox 877 1841 1020 1942; x_wconf 87' lang='lat' dir='ltr'><strong>gaudio</strong></span> <span class='ocrx_word' id='word_1_45' title='bbox 1040 1867 1201 1943; x_wconf 86' lang='lat' dir='ltr'><strong>campos,</strong></span> 
     </span>
    </p>
   </div>
   <div class='ocr_carea' id='block_1_3' title="bbox 406 1982 1527 2086">
    <p class='ocr_par' dir='ltr' id='par_1_8' title="bbox 406 1982 1527 2086">
     <span class='ocr_line' id='line_1_9' title="bbox 406 1982 1527 2086; baseline 0.003 -28"><span class='ocrx_word' id='word_1_46' title='bbox 406 1983 452 2058; x_wconf 92' lang='lat' dir='ltr'><strong>In</strong></span> <span class='ocrx_word' id='word_1_47' title='bbox 469 1984 607 2084; x_wconf 92' lang='lat' dir='ltr'><strong>quibus</strong></span> <span class='ocrx_word' id='word_1_48' title='bbox 626 1996 887 2086; x_wconf 83' lang='lat' dir='ltr'><strong>exposuerunt</strong></span> <span class='ocrx_word' id='word_1_49' title='bbox 900 1984 1035 2085; x_wconf 83' lang='lat' dir='ltr'><strong>proavi</strong></span> <span class='ocrx_word' id='word_1_50' title='bbox 1051 1982 1153 2060; x_wconf 84' lang='lat' dir='ltr'><strong>haud</strong></span> <span class='ocrx_word' id='word_1_51' title='bbox 1167 1984 1256 2060; x_wconf 82' lang='lat' dir='ltr'><strong>vani</strong></span> <span class='ocrx_word' id='word_1_52' title='bbox 1275 1983 1527 2062; x_wconf 83' lang='lat' dir='ltr'><strong>convivium?</strong></span> 
     </span>
    </p>
   </div>
   <div class='ocr_carea' id='block_1_4' title="bbox 404 2125 1551 4908">
    <p class='ocr_par' dir='ltr' id='par_1_9' title="bbox 405 2125 1551 4200">
     <span class='ocr_line' id='line_1_10' title="bbox 405 2125 1125 2227; baseline -0.001 -26"><span class='ocrx_word' id='word_1_53' title='bbox 405 2126 458 2201; x_wconf 91' lang='lat' dir='ltr'><strong>At</strong></span> <span class='ocrx_word' id='word_1_54' title='bbox 475 2126 670 2227; x_wconf 87' lang='lat' dir='ltr'><strong>replentur</strong></span> <span class='ocrx_word' id='word_1_55' title='bbox 686 2125 808 2200; x_wconf 92' lang='lat' dir='ltr'><strong>nostri</strong></span> <span class='ocrx_word' id='word_1_56' title='bbox 826 2125 928 2202; x_wconf 80' lang='lat' dir='ltr'><strong>ocuti</strong></span> <span class='ocrx_word' id='word_1_57' title='bbox 947 2126 1125 2225; x_wconf 85' lang='lat' dir='ltr'><strong>lacrymis</strong></span> 
     </span>
     <span class='ocr_line' id='line_1_11' title="bbox 405 2265 1378 2368; baseline 0.004 -27"><span class='ocrx_word' id='word_1_58' title='bbox 405 2267 522 2368; x_wconf 87' lang='lat' dir='ltr'><strong>Super</strong></span> <span class='ocrx_word' id='word_1_59' title='bbox 542 2266 646 2343; x_wconf 89' lang='lat' dir='ltr'><strong>clivo</strong></span> <span class='ocrx_word' id='word_1_60' title='bbox 664 2267 704 2341; x_wconf 91' lang='lat' dir='ltr'><strong>in</strong></span> <span class='ocrx_word' id='word_1_61' title='bbox 722 2291 798 2365; x_wconf 91' lang='lat' dir='ltr'><strong>quo</strong></span> <span class='ocrx_word' id='word_1_62' title='bbox 816 2265 892 2344; x_wconf 84' lang='lat' dir='ltr'><strong>fuit</strong></span> <span class='ocrx_word' id='word_1_63' title='bbox 911 2275 1107 2342; x_wconf 87' lang='lat' dir='ltr'><strong>certamen</strong></span> <span class='ocrx_word' id='word_1_64' title='bbox 1124 2277 1378 2354; x_wconf 84' lang='lat' dir='ltr'><strong>strenuorum.</strong></span> 
     </span>
     <span class='ocr_line' id='line_1_12' title="bbox 405 2405 1183 2508; baseline 0 -26"><span class='ocrx_word' id='word_1_65' title='bbox 405 2405 546 2508; x_wconf 83' lang='lat' dir='ltr'><strong>Surget</strong></span> <span class='ocrx_word' id='word_1_66' title='bbox 563 2431 698 2482; x_wconf 85' lang='lat' dir='ltr'><strong>saxum</strong></span> <span class='ocrx_word' id='word_1_67' title='bbox 715 2405 837 2482; x_wconf 86' lang='lat' dir='ltr'><strong>hocce</strong></span> <span class='ocrx_word' id='word_1_68' title='bbox 856 2405 979 2506; x_wconf 84' lang='lat' dir='ltr'><strong>ipsum</strong></span> <span class='ocrx_word' id='word_1_69' title='bbox 996 2407 1037 2482; x_wconf 89' lang='lat' dir='ltr'><strong>in</strong></span> <span class='ocrx_word' id='word_1_70' title='bbox 1053 2409 1183 2500; x_wconf 86' lang='lat' dir='ltr'><strong>altum,</strong></span> 
     </span>
     <span class='ocr_line' id='line_1_13' title="bbox 405 2547 1152 2624; baseline -0.001 0"><span class='ocrx_word' id='word_1_71' title='bbox 405 2549 512 2624; x_wconf 90' lang='lat' dir='ltr'><strong>Inter</strong></span> <span class='ocrx_word' id='word_1_72' title='bbox 528 2573 702 2624; x_wconf 87' lang='lat' dir='ltr'><strong>muscum</strong></span> <span class='ocrx_word' id='word_1_73' title='bbox 720 2559 938 2624; x_wconf 75' lang='lat' dir='ltr'><strong>sauctorum</strong></span> <span class='ocrx_word' id='word_1_74' title='bbox 956 2547 1152 2624; x_wconf 69' lang='lat' dir='ltr'><strong>tuscorum</strong></span> 
     </span>
     <span class='ocr_line' id='line_1_14' title="bbox 408 2689 1328 2789; baseline 0 -25"><span class='ocrx_word' id='word_1_75' title='bbox 408 2689 505 2764; x_wconf 88' lang='lat' dir='ltr'><strong>Cum</strong></span> <span class='ocrx_word' id='word_1_76' title='bbox 524 2689 652 2766; x_wconf 87' lang='lat' dir='ltr'><strong>verbis</strong></span> <span class='ocrx_word' id='word_1_77' title='bbox 670 2689 717 2762; x_wconf 86' lang='lat' dir='ltr'><strong>ad</strong></span> <span class='ocrx_word' id='word_1_78' title='bbox 735 2713 853 2764; x_wconf 83' lang='lat' dir='ltr'><strong>annos</strong></span> <span class='ocrx_word' id='word_1_79' title='bbox 873 2689 939 2787; x_wconf 93' lang='lat' dir='ltr'><strong>qui</strong></span> <span class='ocrx_word' id='word_1_80' title='bbox 958 2713 1036 2762; x_wconf 90' lang='lat' dir='ltr'><strong>non</strong></span> <span class='ocrx_word' id='word_1_81' title='bbox 1053 2689 1328 2789; x_wconf 69' lang='lat' dir='ltr'><strong>proterierunt.</strong></span> 
     </span>
     <span class='ocr_line' id='line_1_15' title="bbox 408 2828 1551 2932; baseline -0.001 -25"><span class='ocrx_word' id='word_1_82' title='bbox 408 2831 574 2920; x_wconf 83' lang='lat' dir='ltr'><strong>Quando</strong></span> <span class='ocrx_word' id='word_1_83' title='bbox 587 2831 728 2932; x_wconf 88' lang='lat' dir='ltr'><strong>peribis</strong></span> <span class='ocrx_word' id='word_1_84' title='bbox 741 2841 794 2923; x_wconf 91' lang='lat' dir='ltr'><strong>tu,</strong></span> <span class='ocrx_word' id='word_1_85' title='bbox 810 2837 982 2904; x_wconf 87' lang='lat' dir='ltr'><strong>osaxum</strong></span> <span class='ocrx_word' id='word_1_86' title='bbox 996 2828 1551 2931; x_wconf 89' lang='lat' dir='ltr'><strong>amplissimorum-(virorum);</strong></span> 
     </span>
     <span class='ocr_line' id='line_1_16' title="bbox 406 2939 1420 3062; baseline -0.001 -15"><span class='ocrx_word' id='word_1_87' title='bbox 406 2973 572 3060; x_wconf 87' lang='lat' dir='ltr'><strong>Quando</strong></span> <span class='ocrx_word' id='word_1_88' title='bbox 591 2971 791 3046; x_wconf 89' lang='lat' dir='ltr'><strong>decrescet</strong></span> <span class='ocrx_word' id='word_1_89' title='bbox 807 2970 949 3045; x_wconf 88' lang='lat' dir='ltr'><strong>flumen</strong></span> <span class='ocrx_word' id='word_1_90' title='bbox 967 2967 1129 3044; x_wconf 90' lang='lat' dir='ltr'><strong>Lubaris</strong></span> <span class='ocrx_word' id='word_1_91' title='bbox 1147 2969 1196 3044; x_wconf 87' lang='lat' dir='ltr'><strong>de</strong></span> <span class='ocrx_word' id='word_1_92' title='bbox 1215 2970 1330 3062; x_wconf 91' lang='lat' dir='ltr'><strong>clivo,</strong></span> <span class='ocrx_word' id='word_1_93' title='bbox 1416 2939 1420 2948; x_wconf 33' lang='grc' dir='ltr'>Ι</span> 
     </span>
     <span class='ocr_line' id='line_1_17' title="bbox 406 3109 1408 3209; baseline -0.002 -19"><span class='ocrx_word' id='word_1_94' title='bbox 406 3111 675 3190; x_wconf 75' lang='lat' dir='ltr'><strong>Iudicabit-se</strong></span> <span class='ocrx_word' id='word_1_95' title='bbox 693 3111 818 3186; x_wconf 87' lang='lat' dir='ltr'><strong>viator</strong></span> <span class='ocrx_word' id='word_1_96' title='bbox 834 3109 909 3208; x_wconf 88' lang='lat' dir='ltr'><strong>[vir</strong></span> <span class='ocrx_word' id='word_1_97' title='bbox 926 3109 1090 3209; x_wconf 86' lang='lat' dir='ltr'><strong>itineris]</strong></span> <span class='ocrx_word' id='word_1_98' title='bbox 1107 3112 1212 3188; x_wconf 87' lang='lat' dir='ltr'><strong>inter·</strong></span> <span class='ocrx_word' id='word_1_99' title='bbox 1227 3113 1408 3204; x_wconf 88' lang='lat' dir='ltr'><strong>eundum,</strong></span> 
     </span>
     <span class='ocr_line' id='line_1_18' title="bbox 405 3253 1154 3354; baseline -0.008 -21"><span class='ocrx_word' id='word_1_100' title='bbox 405 3257 451 3334; x_wconf 92' lang='lat' dir='ltr'><strong>In</strong></span> <span class='ocrx_word' id='word_1_101' title='bbox 471 3280 644 3332; x_wconf 90' lang='lat' dir='ltr'><strong>somnum</strong></span> <span class='ocrx_word' id='word_1_102' title='bbox 667 3277 781 3354; x_wconf 89' lang='lat' dir='ltr'><strong>super</strong></span> <span class='ocrx_word' id='word_1_103' title='bbox 799 3253 943 3328; x_wconf 90' lang='lat' dir='ltr'><strong>clivum</strong></span> <span class='ocrx_word' id='word_1_104' title='bbox 961 3254 1154 3329; x_wconf 87' lang='lat' dir='ltr'><strong>virorum:</strong></span> 
     </span>
     <span class='ocr_line' id='line_1_19' title="bbox 405 3393 1083 3474; baseline -0.006 0"><span class='ocrx_word' id='word_1_105' title='bbox 405 3394 596 3474; x_wconf 86' lang='lat' dir='ltr'><strong>Transibit</strong></span> <span class='ocrx_word' id='word_1_106' title='bbox 614 3397 705 3470; x_wconf 89' lang='lat' dir='ltr'><strong>luna</strong></span> <span class='ocrx_word' id='word_1_107' title='bbox 719 3393 838 3468; x_wconf 87' lang='lat' dir='ltr'><strong>instar</strong></span> <span class='ocrx_word' id='word_1_108' title='bbox 857 3393 993 3470; x_wconf 90' lang='lat' dir='ltr'><strong>circuli</strong></span> <span class='ocrx_word' id='word_1_109' title='bbox 1011 3394 1083 3470; x_wconf 91' lang='lat' dir='ltr'><strong>atri</strong></span> 
     </span>
     <span class='ocr_line' id='line_1_20' title="bbox 408 3535 1253 3638; baseline -0.005 -24"><span class='ocrx_word' id='word_1_110' title='bbox 408 3538 524 3638; x_wconf 88' lang='lat' dir='ltr'><strong>Supra</strong></span> <span class='ocrx_word' id='word_1_111' title='bbox 544 3537 625 3638; x_wconf 88' lang='lat' dir='ltr'><strong>ejus</strong></span> <span class='ocrx_word' id='word_1_112' title='bbox 645 3547 762 3637; x_wconf 84' lang='lat' dir='ltr'><strong>caput</strong></span> <span class='ocrx_word' id='word_1_113' title='bbox 779 3536 819 3610; x_wconf 93' lang='lat' dir='ltr'><strong>in</strong></span> <span class='ocrx_word' id='word_1_114' title='bbox 836 3535 1026 3612; x_wconf 85' lang='lat' dir='ltr'><strong>insomnio</strong></span> <span class='ocrx_word' id='word_1_115' title='bbox 1039 3536 1253 3628; x_wconf 64' lang='lat' dir='ltr'><strong>&#39;lemurum</strong></span> 
     </span>
     <span class='ocr_line' id='line_1_21' title="bbox 405 3677 1472 3780; baseline 0.001 -26"><span class='ocrx_word' id='word_1_116' title='bbox 405 3678 614 3754; x_wconf 86' lang='lat' dir='ltr'><strong>Veniemus</strong></span> <span class='ocrx_word' id='word_1_117' title='bbox 630 3703 700 3753; x_wconf 91' lang='lat' dir='ltr'><strong>nos</strong></span> <span class='ocrx_word' id='word_1_118' title='bbox 718 3703 865 3753; x_wconf 90' lang='lat' dir='ltr'><strong>sursum</strong></span> <span class='ocrx_word' id='word_1_119' title='bbox 883 3677 924 3752; x_wconf 87' lang='lat' dir='ltr'><strong>in</strong></span> <span class='ocrx_word' id='word_1_120' title='bbox 942 3678 1024 3779; x_wconf 90' lang='lat' dir='ltr'><strong>ejus</strong></span> <span class='ocrx_word' id='word_1_121' title='bbox 1041 3681 1290 3780; x_wconf 86' lang='lat' dir='ltr'><strong>conspectum</strong></span> <span class='ocrx_word' id='word_1_122' title='bbox 1309 3677 1472 3771; x_wconf 87' lang='lat' dir='ltr'><strong>inanem,</strong></span> 
     </span>
     <span class='ocr_line' id='line_1_22' title="bbox 406 3819 1403 3922; baseline -0.003 -26"><span class='ocrx_word' id='word_1_123' title='bbox 406 3819 612 3896; x_wconf 90' lang='lat' dir='ltr'><strong>Mittentes</strong></span> <span class='ocrx_word' id='word_1_124' title='bbox 631 3819 713 3920; x_wconf 89' lang='lat' dir='ltr'><strong>ejus</strong></span> <span class='ocrx_word' id='word_1_125' title='bbox 729 3819 950 3896; x_wconf 87' lang='lat' dir='ltr'><strong>memoriam</strong></span> <span class='ocrx_word' id='word_1_126' title='bbox 968 3819 1009 3895; x_wconf 93' lang='lat' dir='ltr'><strong>in</strong></span> <span class='ocrx_word' id='word_1_127' title='bbox 1028 3843 1202 3922; x_wconf 86' lang='lat' dir='ltr'><strong>campum</strong></span> <span class='ocrx_word' id='word_1_128' title='bbox 1220 3819 1403 3922; x_wconf 80' lang='lat' dir='ltr'><strong>(pugnae).</strong></span> 
     </span>
     <span class='ocr_line' id='line_1_23' title="bbox 406 3961 1127 4052; baseline -0.001 -16"><span class='ocrx_word' id='word_1_129' title='bbox 406 3961 738 4048; x_wconf 84' lang='lat' dir='ltr'><strong>Quareaverteris</strong></span> <span class='ocrx_word' id='word_1_130' title='bbox 757 3973 799 4036; x_wconf 89' lang='lat' dir='ltr'><strong>tu</strong></span> <span class='ocrx_word' id='word_1_131' title='bbox 817 3962 913 4036; x_wconf 85' lang='lat' dir='ltr'><strong>adeo</strong></span> <span class='ocrx_word' id='word_1_132' title='bbox 930 3961 1127 4052; x_wconf 88' lang='lat' dir='ltr'><strong>obscurus,</strong></span> 
     </span>
     <span class='ocr_line' id='line_1_24' title="bbox 407 4101 1172 4200; baseline 0 -24"><span class='ocrx_word' id='word_1_133' title='bbox 407 4101 479 4178; x_wconf 87' lang='lat' dir='ltr'><strong>Fili</strong></span> <span class='ocrx_word' id='word_1_134' title='bbox 498 4103 674 4178; x_wconf 85' lang='lat' dir='ltr'><strong>Borbaris</strong></span> <span class='ocrx_word' id='word_1_135' title='bbox 691 4103 855 4178; x_wconf 90' lang='lat' dir='ltr'><strong>telorum</strong></span> <span class='ocrx_word' id='word_1_136' title='bbox 874 4101 1116 4200; x_wconf 91' lang='lat' dir='ltr'><strong>obliquorum</strong></span> <span class='ocrx_word' id='word_1_137' title='bbox 1129 4103 1172 4176; x_wconf 90' lang='lat'><strong>?”</strong></span> 
     </span>
    </p>

    <p class='ocr_par' dir='ltr' id='par_1_10' title="bbox 404 4242 1331 4908">
     <span class='ocr_line' id='line_1_25' title="bbox 457 4242 1251 4343; baseline -0.003 -24"><span class='ocrx_word' id='word_1_138' title='bbox 457 4253 482 4287; x_wconf 87' lang='lat'><strong>“</strong></span> <span class='ocrx_word' id='word_1_139' title='bbox 501 4245 547 4319; x_wconf 88' lang='lat' dir='ltr'><strong>In</strong></span> <span class='ocrx_word' id='word_1_140' title='bbox 566 4245 771 4336; x_wconf 89' lang='lat' dir='ltr'><strong>oblivione,</strong></span> <span class='ocrx_word' id='word_1_141' title='bbox 792 4243 846 4318; x_wconf 90' lang='lat' dir='ltr'><strong>fili</strong></span> <span class='ocrx_word' id='word_1_142' title='bbox 864 4242 1031 4343; x_wconf 86' lang='lat' dir='ltr'><strong>Fingalis</strong></span> <span class='ocrx_word' id='word_1_143' title='bbox 1047 4267 1251 4335; x_wconf 88' lang='lat' dir='ltr'><strong>armorum,</strong></span> 
     </span>
     <span class='ocr_line' id='line_1_26' title="bbox 405 4385 1147 4502; baseline -0.001 -41"><span class='ocrx_word' id='word_1_144' title='bbox 405 4385 519 4461; x_wconf 86' lang='lat' dir='ltr'><strong>Haud</strong></span> <span class='ocrx_word' id='word_1_145' title='bbox 539 4386 678 4460; x_wconf 88' lang='lat' dir='ltr'><strong>erimus</strong></span> <span class='ocrx_word' id='word_1_146' title='bbox 696 4411 766 4460; x_wconf 85' lang='lat' dir='ltr'><strong>nos</strong></span> <span class='ocrx_word' id='word_1_147' title='bbox 784 4386 999 4502; x_wconf 75' lang='lat' dir='ltr'><strong>innatantes</strong></span> <span class='ocrx_word' id='word_1_148' title='bbox 1016 4397 1147 4476; x_wconf 89' lang='lat' dir='ltr'><strong>vento,</strong></span> 
     </span>
     <span class='ocr_line' id='line_1_27' title="bbox 404 4525 1331 4626; baseline -0.001 -22"><span class='ocrx_word' id='word_1_149' title='bbox 404 4527 557 4604; x_wconf 86' lang='lat' dir='ltr'><strong>Nostris</strong></span> <span class='ocrx_word' id='word_1_150' title='bbox 575 4525 688 4603; x_wconf 86' lang='lat' dir='ltr'><strong>factis</strong></span> <span class='ocrx_word' id='word_1_151' title='bbox 707 4528 747 4602; x_wconf 90' lang='lat' dir='ltr'><strong>in</strong></span> <span class='ocrx_word' id='word_1_152' title='bbox 765 4526 1031 4604; x_wconf 87' lang='lat' dir='ltr'><strong>coruscatione</strong></span> <span class='ocrx_word' id='word_1_153' title='bbox 1049 4526 1150 4603; x_wconf 89' lang='lat' dir='ltr'><strong>haud</strong></span> <span class='ocrx_word' id='word_1_154' title='bbox 1168 4529 1331 4626; x_wconf 64' lang='lat' dir='ltr'><strong>angusti</strong></span> 
     </span>
     <span class='ocr_line' id='line_1_28' title="bbox 405 4667 1117 4744; baseline -0.007 0"><span class='ocrx_word' id='word_1_155' title='bbox 405 4667 486 4744; x_wconf 86' lang='lat' dir='ltr'><strong>Prae</strong></span> <span class='ocrx_word' id='word_1_156' title='bbox 504 4668 626 4744; x_wconf 91' lang='lat' dir='ltr'><strong>oculis</strong></span> <span class='ocrx_word' id='word_1_157' title='bbox 646 4669 848 4744; x_wconf 84' lang='lat' dir='ltr'><strong>bardorum</strong></span> <span class='ocrx_word' id='word_1_158' title='bbox 867 4667 908 4742; x_wconf 88' lang='lat' dir='ltr'><strong>in</strong></span> <span class='ocrx_word' id='word_1_159' title='bbox 926 4681 1117 4743; x_wconf 85' lang='lat' dir='ltr'><strong>reternum.</strong></span> 
     </span>
     <span class='ocr_line' id='line_1_29' title="bbox 404 4805 1238 4908; baseline -0.004 -23"><span class='ocrx_word' id='word_1_160' title='bbox 404 4809 476 4887; x_wconf 86' lang='lat' dir='ltr'><strong>Est</strong></span> <span class='ocrx_word' id='word_1_161' title='bbox 491 4809 703 4886; x_wconf 87' lang='lat' dir='ltr'><strong>obscuritas</strong></span> <span class='ocrx_word' id='word_1_162' title='bbox 721 4821 804 4887; x_wconf 85' lang='lat' dir='ltr'><strong>atra</strong></span> <span class='ocrx_word' id='word_1_163' title='bbox 820 4807 924 4885; x_wconf 87' lang='lat' dir='ltr'><strong>circa</strong></span> <span class='ocrx_word' id='word_1_164' title='bbox 939 4805 1079 4883; x_wconf 81' lang='lat' dir='ltr'><strong>Atham</strong></span> <span class='ocrx_word' id='word_1_165' title='bbox 1097 4805 1238 4908; x_wconf 80' lang='lat' dir='ltr'><strong>ipsam3</strong></span> 
     </span>
    </p>
   </div>
   <div class='ocr_carea' id='block_1_5' title="bbox 0 0 2096 5989">
    <p class='ocr_par' dir='ltr' id='par_1_11' title="bbox 0 0 2096 5989">
     <span class='ocr_line' id='line_1_30' title="bbox 0 0 2096 5989; baseline 0 0"><span class='ocrx_word' id='word_1_166' title='bbox 0 0 2096 5989; x_wconf 95' lang='lat' dir='ltr'><strong> </strong></span> 
     </span>
    </p>
   </div>
  </div>
 </body>
</html>
