4172 5982
375 814 412 866 v.
429 794 611 868 ssa-410.
838 779 1046 858 FINGAL.
1448 787 1496 860 87

430 1017 454 1052 “
471 1007 591 1084 Venit
607 1007 730 1082 Ferda
746 1006 793 1081 ab
810 1005 908 1080 Alba
922 1003 1010 1096 huc,

377 1148 549 1224 Eximius
566 1149 740 1250 princeps
759 1157 914 1222 centum
933 1143 1113 1234 vallium;

377 1288 425 1364 In
441 1289 525 1364 aula
542 1289 645 1364 Muri
662 1289 817 1364 sustulit
835 1287 899 1362 ille
917 1309 1027 1360 suum
1045 1285 1188 1374 telum3

379 1429 537 1504 Invenit
553 1429 617 1504 ille
634 1429 839 1504 amicitiam
855 1427 957 1504 haud
975 1451 1135 1527 parcam.

379 1568 473 1644 Erat
488 1595 614 1645 meum
632 1569 708 1646 iter
725 1571 764 1645 in
782 1567 959 1644 venando
978 1591 1065 1642 cum
1081 1565 1211 1656 heroe,

379 1708 469 1786 Erat
484 1710 672 1788 habitatio
689 1711 799 1786 simul
817 1709 927 1784 nobis
946 1707 1057 1782 crica.

428 1851 593 1951 Dedgal,
613 1875 714 1926 uxor
731 1850 920 1941 Carberis,
941 1860 1025 1924 erat
1041 1846 1192 1938 eximia,

382 1990 568 2092 Principis
587 1955 715 2091 magni
734 2015 951 2092 camporum
968 1988 1108 2064 Ullinae
1124 1997 1166 2063 et
1180 1986 1370 2079 Ardvene,

380 2129 474 2206 Erat
491 2132 559 2206 lux
578 2131 873 2232 pulchritudinis
889 2131 972 2233 ejus
990 2131 1186 2232 possessi0,

379 2273 471 2348 Erat
487 2273 568 2374 ejus
586 2297 653 2348 cor
668 2272 778 2347 sedes
796 2272 1005 2374 superbiae3

380 2412 466 2488 Fuit
483 2413 564 2514 ejus
581 2437 687 2488 amor
705 2414 960 2490 coruscationi
972 2414 1158 2514 juventae,

381 2552 476 2627 Filio
494 2552 664 2644 Amunis,
685 2554 793 2653 cujus
811 2564 892 2627 erat
910 2554 1145 2630 nobilissima
1162 2553 1322 2628 indoles.

433 2703 443 2736 ‘
462 2694 631 2786 Carber,'
649 2693 752 2768 dixit
767 2719 899 2768 manus
917 2720 999 2792 quae
1017 2705 1101 2769 erat
1118 2692 1267 2784 blanda,

384 2835 472 2910 ‘Da
488 2847 699 2910 armentum
716 2834 947 2910 dimidiatim
964 2833 1058 2910 mihi
1076 2835 1147 2934 ipsi
1161 2859 1172 2924 3

381 2973 571 3073 Relinquo
588 2988 695 3050 tuum
713 2975 960 3068 domicilium,
981 2975 1041 3052 vir
1057 2973 1249 3050 imbecille
1263 3000 1274 3064 3

383 3116 539 3208 Carber,
560 3117 610 3193 da
626 3116 719 3191 mihi
738 3117 939 3194 dimidium
958 3119 999 3194 in
1015 3119 1177 3194 monte.'

430 3259 547 3333 Dixit
565 3257 716 3348 Carber,
741 3267 751 3299 ‘
769 3258 850 3332 Det
866 3271 977 3333 natus
996 3261 1106 3334 Semo

382 3397 623 3474 Dimidiatim
640 3397 710 3473 tibi
729 3411 940 3474 armentum
958 3398 999 3473 in
1017 3399 1130 3475 crica.

381 3539 535 3614 Femina
552 3537 731 3639 speciosa,
752 3538 862 3641 cujus
880 3549 939 3616 est
955 3540 1122 3616 maxime
1141 3539 1301 3616 decorus
1318 3561 1482 3640 gressus,

381 3679 444 3756 Ne
462 3680 692 3781 conspiciam
710 3693 749 3756 te
766 3681 806 3756 in
824 3681 1109 3781 sempiternum.

382 3821 451 3898 Est
468 3821 613 3896 animus
631 3821 712 3922 ejus
730 3821 967 3896 domicilium
984 3819 1186 3920 equitatis,

382 3962 617 4038 Rama-lucis
639 3961 769 4062 magni
785 3960 908 4062 pretii,
930 3963 1042 4038 vale.’

431 4105 494 4180 Ivi
511 4115 551 4178 et
567 4103 683 4179 divisi
700 4112 913 4179 armentum
931 4101 1028 4194 illis;

382 4244 476 4319 Erat
492 4255 619 4318 taurus
637 4243 755 4318 instar
770 4241 871 4316 nivis
888 4241 929 4316 in.
946 4243 1062 4334 clivo,

383 4385 487 4461 Dedi
505 4410 579 4485 ego
597 4383 754 4460 Carbcri
771 4395 930 4458 taurum.

384 4525 481 4602 Orta
498 4537 557 4601 est
573 4525 628 4600 ira
643 4526 684 4600 in
701 4525 890 4600 desiderio
907 4523 1077 4600 heroum.

436 4674 447 4710 ‘
464 4667 566 4742 Nate
582 4668 759 4758 Amune,’
777 4665 882 4741 dixit
898 4664 1041 4740 femina
1057 4691 1140 4765 quae
1159 4676 1241 4741 erat
1258 4665 1406 4757 blanda,

389 4805 579 4884 ‘Immisit
596 4807 774 4885 Cucullin
791 4831 919 4884 meum
937 4806 1104 4884 animum
1121 4807 1192 4885 sub
1208 4805 1405 4884 nebulam..
