4194 6006
340 833 398 910 Ὗ.
420 841 578 918 74-101.
839 827 1046 904 FINGAL.
1421 841 1492 906 285

366 1055 491 1130 Instar
508 1055 666 1129 flammre
683 1050 785 1128 haud
804 1059 975 1150 angustae
994 1049 1033 1122 in
1052 1058 1194 1139 monte,

329 1283 334 1296 ,
365 1197 411 1271 ln
428 1195 506 1272 acri
524 1195 676 1294 fulgore
694 1194 911 1294 ingentium
930 1213 1130 1266 armorum.
1171 1211 1174 1218 ’

365 1337 458 1437 Egit
476 1363 544 1412 rex
566 1335 761 1411 Lochlinis
780 1333 921 1408 festum
940 1332 1137 1424 eximium,

364 1478 415 1554 Et
432 1479 589 1555 vocavit
606 1477 654 1553 ad
673 1478 825 1579 epulum
837 1475 1023 1576 juvenem
1044 1487 1263 1564 strenuum3

361 1622 457 1696 Tres
475 1620 556 1696 dies
574 1620 614 1694 in
633 1619 813 1695 Gormala
830 1614 1401 1692 lectissimis·viris·abundante

365 1763 452 1838 Fuit
468 1761 568 1836 inter
585 1761 751 1836 sonitum
770 1755 1240 1856 corneorum-poculorum
1265 1769 1305 1833 et
1324 1755 1483 1833 chorda·

365 1904 415 1980 Et
432 1903 567 1979 habuit
584 1901 760 2004 princeps
777 1895 973 1974 arbitrium
992 1895 1220 1974 certaminis.
1263 1917 1265 1920 ·
1373 1901 1481 1998 [rrim,

366 2045 478 2120 Haud
498 2043 574 2118 fuit
585 2041 942 2144 juvenis-strenuus
960 2037 1000 2112 in
1019 2037 1205 2114 Lochline
1224 2041 1407 2142 navigero

366 2187 445 2274 Qui
464 2211 540 2260 non
557 2185 673 2260 cessit
692 2185 837 2260 eximio
854 2183 962 2258 heroi
978 2181 1187 2259 Trenmori.

367 2326 568 2402 Circumiit
585 2324 734 2402 concha
752 2349 838 2400 cum
857 2323 1023 2424 gaudi03

364 2469 473 2544 Inter
491 2467 600 2568 ignes
617 2467 737 2542 festos
756 2465 1001 2567 sonitumque
1020 2469 1230 2543 carminum

365 2611 463 2697 Quae
482 2609 688 2684 laudabant
704 2629 838 2708 regem
857 2609 1058 2683 Morvenis
1078 2609 1287 2699 fluctuosae,

369 2752 447 2839 Qui
465 2777 567 2826 mare
587 2751 741 2824 transiit

364 2892 537 2967 Eximius
555 2890 637 2966 dux
659 2888 891 2964 eximiorum
910 2889 1080 2963 virorum
1103 2891 1265 2987 (αῖζηων).

417 3031 515 3106 Cum
535 3032 798 3130 incanesceret
817 3041 953 3128 quarta
971 3053 1106 3104 aurora
1125 3053 1174 3104 ex
1193 3029 1366 3122 adverso,

365 3171 531 3247 Inseruit
547 3169 660 3246 heros
681 3197 826 3244 remum
843 3172 980 3248 fluctui
994 3201 1004 3264 ;
1345 3174 1488 3272 [bente,

364 3313 456 3388 Erat
469 3337 620 3413 gressus
635 3313 862 3410 tranquillus
877 3315 916 3388 in
935 3315 1066 3390 littore
1083 3325 1272 3388 testaceos
1286 3313 1410 3414 pisces
1423 3313 1490 3390 ha·

365 3451 619 3555 Expectantis
638 3467 798 3528 ventum
818 3455 865 3529 ab
883 3453 1157 3555 septentrione.

366 3595 528 3672 Audivit
545 3620 714 3670 murmur
732 3595 847 3695 longe
867 3621 916 3670 ex
938 3598 1099 3672 adverso

367 3738 413 3812 In
429 3737 557 3812 medio
577 3736 808 3812 convallium
828 3737 869 3812 in
888 3737 996 3814 silva.

416 3879 588 3955 Advenit
600 3879 758 3980 juvenis
776 3877 853 3956 huc
872 3905 922 3955 ex
941 3879 1168 3982 praecipitio,

368 4020 419 4095 Et
436 4021 501 4095 ille
520 4021 664 4096 celatus
683 4021 987 4128 duro-armatura
1005 4019 1189 4121 usquead
1209 4031 1334 4120 caput,

371 4161 491 4263 Cujus
510 4160 782 4237 formosissima
799 4187 908 4237 coma
930 4161 1214 4261 ruberrimaque
1232 4187 1343 4262 gena,

371 4304 503 4378 Forma
519 4305 627 4379 velut
643 4304 712 4378 nix
733 4303 949 4404 gelidorum
969 4303 1170 4380 montium.

370 4441 537 4518 Blandus
556 4455 639 4518 erat
657 4445 839 4519 caeruleus
858 4445 993 4520 oculus
1012 4447 1246 4522 ciliis-lentis
1265 4445 1455 4546 proditus,

371 4583 468 4658 Cum
487 4585 738 4686 compellaret
757 4611 888 4685 regern
909 4587 1214 4688 armipotentem.

423 4727 580 4818 ‘Mane
600 4727 797 4821 Trenmor,
819 4753 891 4803 nec
911 4729 1082 4822 discede,

371 4869 454 4962 Vir,
478 4868 601 4970 quies
619 4881 972 4970 magnus-et-asper
990 4871 1093 4945 inter
1108 4869 1303 4960 homines;
