4184 5998
398 789 436 846 r.
457 771 641 852 tta-439.
809 761 1073 840 'TEMORA.

397 989 530 1066 Robur
548 985 698 1064 Oscaris
717 986 757 1062 in
778 997 960 1062 aternum
976 984 1078 1059 haud
1096 995 1240 1083 surget.

399 1131 551 1208 Cadent
568 1131 767 1206 bellatores
785 1129 825 1204 in
842 1129 977 1205 diebus
996 1127 1096 1217 suisa

398 1273 511 1348 Haud
528 1267 708 1348 cernetur
722 1271 763 1346 in
780 1281 910 1344 monte
929 1291 1058 1344 eorum
1075 1267 1159 1342 iter.

397 1411 477 1489 Ubi
494 1387 584 1488 su'nt
599 1427 725 1514 patres
741 1412 864 1486 nostri
885 1409 1044 1501 strenui,

397 1555 533 1630 Semen
550 1555 746 1655 plagarum
760 1554 984 1651 intempore
998 1548 1099 1648 quod
1117 1547 1406 1625 circumflexum
1424 1547 1509 1623 est?

399 1693 634 1772 Ceciderunt
651 1695 707 1768 illi
725 1693 826 1768 sicut
841 1691 961 1766 stella
978 1691 1048 1765 sub
1067 1671 1268 1781 tumulum,'

397 1835 494 1920 Qua
511 1834 699 1910 dederunt
716 1837 841 1909 lucem
860 1833 1056 1933 ingentem
1074 1831 1184 1908 terris
1202 1831 1271 1904 sub
1284 1829 1434 1906 nebulb.

397 1975 489 2049 Non
505 1975 677 2050 audimus
695 1998 763 2049 nos
780 1974 853 2048 nisi
870 1997 1003 2048 sonum
1022 1997 1152 2047 eorum
1170 1969 1304 2061 famae3
1379 1964 1381 1972 ’

397 2117 450 2190 At
467 2115 604 2214 inclyti
621 2114 778 2191 fuerunt
794 2115 850 2188 illi
869 2114 940 2213 ipsi

398 2257 444 2330 In
462 2257 568 2331 annis
586 2269 834 2344 strenuorum,
856 2255 921 2353 qui
938 2253 1291 2328 se-inclinaverunt.

395 2395 602 2471 Terribiles
622 2408 662 2471 et
678 2395 859 2472 immanes
878 2396 904 2470 ii
923 2394 988 2494 qui
1005 2394 1192 2471 abierunt.

398 2533 520 2610 Modo
537 2535 612 2611 hoc
633 2536 819 2612 abibimus
837 2526 910 2612 nos
922 2563 945 2614 a
959 2536 1119 2636 planitie

398 2677 444 2750 In
461 2689 591 2751 nostro
608 2677 671 2752 die
691 2679 760 2752 sub
779 2678 993 2778 angustiam
1010 2689 1257 2750 mortuorum.

396 2817 517 2890 Simus
535 2817 574 2890 in
593 2829 763 2917 tempore
781 2816 854 2892 hoe
871 2818 939 2892 sub
956 2818 1068 2910 fama,

397 2957 448 3032 Et
465 2958 717 3054 relinquamus
734 2969 822 3057 post
842 2971 993 3058 tergum
1010 2969 1180 3034 nostrum
1199 2983 1349 3050 nomen,

398 3097 505 3172 Sicut
522 3123 767 3173 coruscamen
784 3099 873 3172 solis
891 3100 972 3173 sine
989 3077 1102 3190 labes

397 3236 562 3321 Quando
580 3237 796 3312 occultatur
812 3239 881 3312 sub
899 3239 1132 3313 obscuritate
1150 3239 1230 3340 ejus
1248 3251 1371 3342 caput,

397 3377 556 3453 Viatore
574 3378 643 3452 sub
658 3403 816 3454 moerore
834 3365 1095 3454 iter-faciente

396 3515 448 3590 Et
466 3517 688 3594 recordante
707 3521 748 3594 in
765 3519 913 3596 oriente
932 3502 1013 3621 ejus
1036 3521 1287 3621 splendorem.

323 3643 326 3652 ¹
396 3657 515 3748 Ullin,
536 3659 589 3732 mi
607 3660 722 3735 barde
740 3660 857 3762 ipsius
874 3661 945 3736 sub
962 3675 1173 3753 senectute,

398 3797 501 3898 Cape
518 3824 666 3890 navem,
688 3825 770 3898 quae
789 3815 847 3876 est
865 3827 994 3893 vacua,
1015 3801 1147 3902 aroge
1158 3829 1170 3895 3
1275 3819 1280 3827 ⁴

395 3939 529 4014 Avehe
548 3939 729 4016 Oscarem
746 3943 793 4016 ad
811 3943 972 4018 Selmam
989 3944 1211 4018 virctorum.

399 4079 548 4155 Cadant
565 4082 740 4181 lacrymae
758 4083 781 4156 a
798 4084 1011 4182 virginibus
1029 4087 1202 4177 saltuum,

396 4221 430 4292 A
447 4221 605 4297 nuribus
622 4223 817 4322 plenorum
836 4223 986 4300 sinuum
1003 4226 1043 4301 in
1061 4227 1260 4302 Morvene.

401 4359 624 4460 (Inibimus)
643 4365 897 4463 percutiemus
914 4391 982 4442 nos
1001 4377 1192 4442 certamen
1211 4367 1340 4442 Iernes

397 4500 471 4576 Pro
482 4503 625 4576 semine
639 4515 888 4597 strenuorum,
902 4507 967 4604 qui
979 4507 1205 4583 ceciderunt
1215 4533 1303 4582 eum
1316 4504 1513 4582 Cormaco.

396 4641 491 4716 Sunt
510 4642 590 4718 dies
607 4669 780 4718 meorum
797 4671 978 4722 annorum
996 4646 1065 4720 sub
1083 4647 1191 4738 labe;

396 4783 466 4860 Est
484 4785 683 4862 infirmitas
703 4788 742 4862 in
760 4787 1010 4863 meo-lacerto
1026 4785 1127 4861 haud
1147 4787 1311 4888 exigua;
