4172 5982
378 804 415 854 v.
436 783 619 854 411-438.
846 777 1043 854 FINGAL
1452 793 1500 870 89

376 996 551 1090 Audiam,
571 997 692 1090 heros,
713 1000 761 1074 de
778 999 859 1100 ejus
880 1011 1015 1106 morte,

376 1137 455 1211 Aut
472 1136 541 1210 sim
554 1137 672 1237 juxta
691 1139 876 1215 Lubarem
894 1141 975 1214 sine
993 1139 1138 1241 spiritu,
1264 1143 1491 1240 [oculorum

378 1277 461 1354 Erit
488 1304 615 1354 meum
643 1292 835 1378 spectrum
864 1280 967 1355 circa
997 1279 1320 1381 semi-aperturam
1343 1297 1494 1362 tuorum

377 1417 428 1492 Et
444 1443 529 1494 mea
545 1419 609 1509 ira,
631 1444 795 1493 omeum
812 1419 1054 1511 desiderium,
1073 1419 1096 1494 b
1110 1434 1177 1494 tuo
1191 1431 1314 1519 tergo.

376 1557 535 1633 Disseca
551 1570 594 1634 tu
611 1558 851 1636 Cucullinem
871 1587 991 1659 usque
1010 1562 1057 1636 ad
1076 1562 1157 1661 ejus
1176 1563 1331 1663 spinam,

374 1697 455 1773 Aut
472 1700 642 1798 relinque
658 1724 720 1774 me
738 1700 819 1776 sine
837 1702 959 1800 gloril
977 1703 1016 1776 in
1032 1705 1190 1778 monte.’

428 1847 439 1880 ‘
458 1839 596 1914 Manus
615 1841 808 1934 candida,’.
822 1841 924 1916 dixit
932 1841 1088 1942 juvenis
1106 1855 1292 1934 strenuus,

378 1984 389 2018 ‘
407 1979 535 2065 Quare
552 1979 746 2080 mitterem
763 1993 893 2056 natum
911 1983 1020 2057 Semo
1037 1983 1085 2058 ad
1102 1981 1293 2056 mortem?

374 2117 444 2194 Est
460 2119 603 2194 amicus
620 2147 787 2198 mearum
806 2123 1084 2222 cogitationum
1101 2123 1166 2200 ille
1183 2124 1286 2223 ipse3

374 2263 453 2338 Cur
470 2263 656 2354 tollerem,
676 2289 700 2338 o
716 2289 827 2356 rame,
848 2266 969 2340 telum
981 2268 1010 2340 ?’

370 2403 464 2478 Tres
482 2402 563 2478 dies
582 2403 747 2504 procidit
762 2404 827 2478 illa
844 2403 884 2478 in
901 2405 1100 2504 lacrymas,

371 2541 418 2618 In
436 2557 570 2643 quarto
590 2544 744 2619 sustulit
755 2545 910 2645 juvenis
928 2558 1089 2622 scutum.

425 2692 435 2726 ‘
453 2685 597 2760 Feriam
614 2685 775 2760 amicum
794 2709 920 2760 meum
938 2685 1160 2784 egregium3

369 2824 423 2900 At
439 2825 572 2900 cadam
589 2825 691 2925 prius
708 2824 746 2899 in
766 2793 879 2902 clivo.

369 2966 428 3038 An
448 2977 548 3041 esset
564 2966 744 3068 possibile
761 2964 854 3041 mihi
873 2967 1092 3068 conspicere
1110 2966 1149 3042 in
1159 2967 1269 3068 jugo,

369 3103 420 3180 Et
436 3131 498 3182 me
516 3107 607 3202 solo,
629 3106 871 3182 Cucullinem
890 3120 931 3182 et
949 3107 1030 3207 ejus
1048 3110 1261 3185 tumulum!

368 3246 527 3321 Factum
545 3259 604 3321 est
622 3258 813 3322 certamen
835 3245 876 3320 in
893 3271 1028 3347 campo
1047 3247 1163 3339 Muri,

368 3385 419 3462 Et
436 3387 628 3461 evitarunt
643 3397 773 3460 nostra
789 3387 868 3461 tela
883 3387 1021 3462 vulnus
1035 3416 1045 3479 ;

367 3526 461 3602 Erat
476 3526 614 3601 stridor
631 3527 671 3600 in
690 3527 810 3626 galeis
828 3552 915 3604 cum
933 3552 1065 3602 eorum
1083 3528 1217 3622 dorsis,

366 3665 418 3741 Et
433 3667 473 3742 in
491 3669 609 3743 scutis
627 3693 788 3766 qnorum
807 3680 915 3743 erant
932 3671 1166 3747 atro-caruli
1182 3670 1376 3747 umbones.

364 3807 456 3882 Erat
472 3808 626 3907 Dedgal
644 3808 803 3883 irridens
816 3809 944 3908 juxta,

311 3943 317 3960 '
364 3946 415 4023 Et
432 3947 535 4022 dixit
553 3946 682 4022 Ferdae
700 3947 780 4022 sine
798 3949 925 4023 mord:

333 4071 337 4080 ⁴
367 4096 377 4130 ‘
395 4088 465 4163 Est
483 4089 630 4162 infirma
647 4088 688 4162 in
705 4089 781 4164 tuis
800 4090 1067 4191 complexibus
1084 4091 1196 4166 arbor
1216 4089 1419 4190 (hastile);

363 4229 559 4304 Infirmum
578 4240 637 4304 est
654 4242 761 4305 tuum
776 4231 906 4320 telum,
925 4245 965 4306 et
981 4231 1149 4307 infirmus
1168 4255 1207 4306 es
1225 4232 1325 4308 tuin
1338 4234 1480 4335 juven·

364 4371 476 4446 Haud
496 4396 668 4470 congrua
684 4384 744 4446 est
760 4382 836 4446 tuae
858 4371 962 4447 aetati
980 4372 1264 4472 chalybs-dura,
1367 4381 1479 4478 [tute

362 4509 552 4606 Relinque
569 4509 772 4585 victoriam
791 4514 986 4612 praestanti
1004 4514 1082 4590 filio
1100 4517 1228 4594 Semi.'

361 4633 487 4726 Instar
504 4651 588 4725 saxi
607 4651 648 4724 in
664 4651 784 4724 latere
803 4649 1001 4726 Malmoris
1023 4667 1082 4729 est
1097 4654 1220 4750 heros,

360 4791 406 4866 In
424 4791 537 4867 oculo
555 4791 839 4892 fortis-juvenis
858 4796 1114 4872 comebantur
1129 4797 1316 4898 lacrymae'.
