4184 5998
380 761 416 812 v.
437 737 618 819 rso-607.
868 733 1098 812 TEMORA.

384 957 434 1032 Et
446 958 602 1057 juvenis
620 955 768 1032 Nathos
785 957 951 1034 telorum
970 957 1040 1032 suh
1059 955 1246 1032 victoria:

382 1098 527 1174 Veniet
543 1099 719 1199 princeps
738 1100 913 1177 excelsus
930 1098 1134 1174 confestim

385 1239 446 1314 Ad
466 1255 569 1315 tuam
591 1242 724 1330 aulam,
746 1265 768 1314 o
786 1263 857 1316 rex
873 1241 908 1359 [f
909 1242 1071 1315 emorae.’

440 1389 449 1423 ‘
468 1381 633 1455 Cernam
650 1406 725 1480 ego
743 1381 947 1456 confestim
968 1380 1208 1480 principem,'

387 1521 503 1596 Dixit
520 1523 704 1598 caeruleus
720 1523 853 1596 oculus
872 1522 1092 1620 capillorum
1111 1518 1399 1610 subfuscorum3

391 1663 466 1736 ‘At
484 1674 541 1735 est
559 1663 688 1737 luctus
704 1661 933 1738 obumbrans
951 1687 1077 1736 meum
1094 1675 1229 1762 pectus

387 1802 449 1876 Ob
469 1799 710 1876 Cucullinem
731 1805 951 1903 clypeorum
970 1816 1010 1878 et
1030 1804 1258 1880 bellatorum
1270 1832 1280 1894 ;

390 1944 494 2042 Saepc
512 1967 624 2042 super
640 1944 782 2019 Dorum
800 1943 1016 2020 nimborum

389 2083 645 2158 Processimus
663 2109 731 2159 nos
748 2085 796 2158 ad
814 2083 1057 2160 venationem
1076 2085 1479 2178 ruforum-cervorum,

389 2225 440 2299 llt
456 2225 637 2324 plurimus
655 2225 731 2300 fuit
749 2226 830 2325 ejus
851 2249 975 2300 sermo
994 2227 1043 2300 de
1061 2227 1235 2321 strenuis,

390 2367 509 2466 Super
525 2365 639 2442 factis
658 2377 698 2441 et
715 2389 826 2465 super
842 2365 965 2466 plagis
984 2391 1154 2442 meorum
1171 2391 1407 2469 proavorum,

391 2507 483 2582 Mea
500 2507 635 2582 laetitis
652 2517 878 2582 coruscante
895 2517 937 2584 ,et
954 2505 1112 2582 oriente.

393 2647 489 2724 Sede
509 2665 552 2724 tu
567 2649 755 2739 deorsum,
778 2645 894 2720 Carul
911 2647 1003 2746 ipse,

390 2789 452 2862 Ad
471 2789 601 2888 epulas
616 2788 853 2880 chordarum,
874 2801 914 2864 et
929 2787 1078 2864 audiam
1097 2813 1261 2866 carmen.

392 2928 461 3003 Est
473 2928 648 3029 jucunda
665 2953 813 3028 semper
828 2941 893 3003 tua
911 2954 1012 3020 vox3

391 3067 500 3142 Tolle
521 3081 676 3144 cantum
694 3069 798 3145 circa
810 3069 950 3144 famam
970 3067 1191 3162 Cucullinis,

393 3209 444 3283 Et
462 3210 567 3284 circa
583 3209 621 3283 N
623 3208 754 3284 athum
771 3209 1036 3286 discriminum
1054 3213 1101 3287 ab
1120 3211 1245 3289 EthsJ

444 3351 638 3426 Continuo
654 3361 902 3451 experrectus
920 3364 979 3440 est
995 3352 1078 3428 dies
1098 3355 1145 3428 ab
1163 3354 1265 3430 undd

393 3489 491 3568 Cum
510 3492 593 3566 tota
610 3493 875 3568 coruscatione
893 3491 978 3568 rufa
994 3493 1041 3568 ab
1059 3493 1218 3570 oriente.

392 3633 514 3708 Venit
532 3631 702 3707 Crathan
720 3633 765 3708 ad
786 3635 907 3710 aulam
924 3634 1183 3724 victoriarum,

394 3775 510 3850 Filius
530 3775 724 3868 Gellamae,
746 3799 857 3872 quem
876 3787 1115 3874 percusserat
1129 3789 1317 3854 senectus.

398 3925 408 3958 ‘
425 3915 517 3991 Vidi
537 3941 611 4016 ego
628 3925 748 3991 atram
766 3913 908 3990 nubem
925 3913 965 3990 in
982 3915 1153 4007 desertis,

396 4058 431 4132 Ο
449 4083 521 4133 rex
539 4057 783 4157 egregiorum
800 4079 1001 4156 procerum
1018 4057 1057 4132 in
1073 4057 1206 4134 Ieme:

397 4198 485 4273 Fuit
500 4165 620 4272 nubes
638 4197 929 4282 illasecundum
946 4223 1069 4274 meam
1087 4200 1367 4277 sententiam-

317 4327 319 4332 ’
395 4338 448 4412 At
465 4339 622 4439 populus
637 4337 701 4412 hic
721 4339 858 4436 estqui
877 4349 936 4414 est
948 4340 1191 4416 claudens-se
1206 4343 1310 4418 circa
1324 4369 1511 4450 campum.

397 4479 466 4553 Est
483 4479 543 4553 vir
559 4505 729 4580 magnus,
751 4491 791 4556 et
808 4481 889 4580 ejus
902 4481 1076 4580 ,passibus
1093 4483 1163 4558 sub
1180 4485 1329 4576 robore,

396 4618 489 4720 Ejus
509 4621 762 4720 rufis-capillis
780 4623 924 4699 alterne
942 4623 982 4698 in
999 4635 1138 4717 vento,¹

396 4759 488 4863 Ejus
507 4763 643 4866 clypeo
661 4763 887 4864 splendente
904 4766 953 4842 ad
970 4768 1097 4843 lucem
1113 4768 1161 4842 ab
1179 4767 1338 4862 oriente,
