4224 5996
423 805 461 863 v.
478 791 660 862 als-ala.
855 773 858 782 ⁴
875 779 1084 857 FINGAL.

474 1007 616 1082 “Nate
635 1003 808 1097 Mathl‚’‘
826 1001 1022 1103 respondit
1039 1002 1226 1104 princeps,

380 1152 386 1168 '
425 1155 449 1191 “
466 1147 557 1222 Non
574 1146 723 1222 deserui
742 1169 815 1246 ego
835 1155 874 1219 te
894 1169 1068 1242 unquam,
1084 1157 1131 1219 -et
1148 1169 1225 1219 non
1243 1144 1436 1237 deseram3

422 1288 489 1364 Est
506 1313 590 1363 mea
604 1287 739 1363 laetitia
750 1255 793 1361 'in
810 1287 982 1388 periculo
998 1299 1216 1378 scutorum
1332 1325 1336 1332 ·

395 1511 399 1522 ,
422 1430 537 1504 Haud
553 1429 608 1502 ivi
625 1433 769 1528 [versus
788 1430 885 1524 sum]
903 1427 942 1501 in
960 1427 1092 1526 fugam
1110 1441 1150 1502 et
1167 1454 1245 1504 non
1263 1427 1328 1503 ibo
1345 1427 1512 1526 [vertarl.

421 1569 552 1661 Conal‚
575 1581 615 1644 et
632 1570 746 1674 Carul
764 1570 805 1644 in
822 1594 899 1644 uno
923 1569 1070 1666 [simul]
1412 1541 1415 1546 Ι

419 1711 479 1785 Ab
500 1721 672 1810 tempore
690 1711 794 1809 quod
812 1709 1038 1784 inclinatum
1055 1721 1115 1784 est
1131 1711 1234 1802 olim,

419 1851 564 1927 Ducite
581 1877 649 1926 vos
669 1862 816 1925 nostros
835 1851 977 1926 amicos
995 1873 1063 1950 per
1081 1849 1232 1940 ericam,

314 2031 316 2042 ν
419 1991 626 2066 Bellatores
644 1991 774 2064 Iernes
793 1989 1024 2065 ferociarum
1042 1987 1262 2089 priscarum,

419 2132 550 2218 Quum
567 2129 846 2206 submiserit-se
864 2130 1041 2206 fremitus
1060 2129 1291 2223 certaminis,

419 2273 632 2348 Invenietis
650 2299 719 2348 vos
738 2271 779 2346 in
795 2271 952 2371 planitie
970 2271 1052 2346 sine
1070 2271 1205 2361 anima,

419 2414 526 2488 Duos
546 2411 665 2488 fortes
685 2411 750 2511 qui
769 2409 1053 2486 descenderunt
1070 2413 1182 2489 simul

418 2553 526 2628 Inter
541 2551 661 2626 millia
679 2551 719 2624 in
737 2563 930 2626 certamen
948 2553 1090 2653 populi.

417 2687 520 2767 Nate
537 2688 679 2765 Fithile
694 2692 880 2791 graduum
897 2693 1070 2785 altorum,

417 2831 523 2931 Cape
541 2834 752 2933 [percurre]
771 2835 912 2910 Lenem
930 2835 1115 2933 usquead
1133 2833 1329 2910 fremitum
1346 2835 1503 2926 oceani3

417 2973 560 3050 Veniat
577 2999 646 3049 rex
665 2975 864 3050 Morvenis
881 2975 963 3050 sine
981 2975 1124 3073 requie,

417 3113 558 3190 Veniat
575 3115 751 3216 princeps
769 3113 843 3189 huc
863 3117 1052 3206 celeriter,

416 3253 474 3331 Ut
490 3256 547 3329 sol
565 3255 605 3328 in
623 3256 698 3327 fine
715 3255 979 3353 procellarum,

272 3475 275 3482 ,
417 3395 516 3471 Cum
534 3397 621 3470 luce
640 3418 721 3493 quae
740 3403 799 3468 eat
815 3418 917 3469 nova
933 3394 999 3490 [de
1016 3394 1134 3488 novo]
1151 3393 1198 3468 ad
1217 3395 1439 3494 populum.”

465 3535 644 3610 Incanuit
660 3559 793 3608 aurora
810 3535 850 3608 in
868 3533 1023 3609 Cromla
1039 3535 1173 3624 ericae3
1232 3599 1235 3606 .

415 3674 605 3752 Movit-se
623 3699 753 3749 semen
770 3675 926 3751 navium
943 3676 991 3750 ab
1008 3675 1111 3750 unda
1128 3675 1175 3750 ad
1194 3675 1368 3752 tumulos.

414 3815 531 3912 Stetit
549 3814 700 3891 Calmar
717 3815 756 3890 in
776 3815 876 3891 facie
893 3817 1055 3914 [contra]
1073 3817 1230 3908 heroas3

413 3955 461 4030 In
479 3955 535 4030 ira
550 3955 668 4032 debili
686 3955 763 4030 fuit
782 3957 863 4058 ejus
880 3957 1025 4031 animus
1042 3983 1215 4057 magnus,

413 4097 582 4174 Pallidus
599 4097 640 4171 in
657 4099 787 4173 colore
805 4097 883 4172 fuit
900 4097 1075 4198 princeps
1093 4099 1311 4199 plagarum

412 4239 682 4316 Inclinavit·se
700 4241 739 4314 in
756 4239 901 4316 hastam
919 4241 1045 4341 patris,
1067 4252 1182 4337 atque
1199 4239 1281 4341 ipso
1299 4239 1492 4341 languido,

356 4411 360 4420 ·
413 4377 571 4455 Hastam
589 4381 705 4480 patris
722 4406 745 4454 a
762 4381 855 4456 Lara
873 4394 1124 4470 strenuorum,

397 4578 398 4582 ,
414 4521 541 4608 Quam
558 4522 688 4623 attulit
705 4521 769 4597 ille
787 4524 867 4624 ipse
885 4523 933 4598 ad
951 4547 1126 4624 campum
1143 4521 1319 4614 telorum,

414 4659 579 4746 Quando
598 4675 680 4736 erat
698 4662 844 4736 animus
862 4661 943 4762 ejus
960 4659 1090 4736 matris
1109 4662 1179 4737 sub
1197 4661 1310 4754 nube,

412 4803 573 4880 Animus
588 4803 774 4880 meretha
793 4804 833 4877 in
850 4801 1066 4897 solitudine,
