4184 5998
352 765 387 817 V.
410 741 593 820 326-353.
800 736 1031 816 TEMORA.
1402 747 1469 814 351

351 965 412 1040 Ex
430 965 617 1042 Alnecma
634 965 809 1058 saltuum,
832 973 873 1038 et
890 958 1005 1036 rediit
1022 957 1087 1034 ille

352 1107 460 1182 Inter
477 1107 649 1182 laetitiam
668 1105 861 1180 Conlamae
879 1099 1114 1178 chordarum.
1231 1098 1496 1200 [sanguinem

353 1245 572 1321 Percussit*
593 1259 784 1322 certamen
798 1253 1010 1334 certamem
1028 1241 1135 1317 fusus
1150 1253 1208 1319 est
1219 1241 1373 1342 sanguis
1387 1265 1498 1342 super

354 1387 400 1460 ln
420 1399 593 1488 tempore
609 1385 735 1462 noctis
754 1386 1008 1462 cernebantur
1024 1383 1128 1458 mille
1146 1385 1260 1458 larvae

354 1525 475 1625 Super
492 1526 737 1600 extremitate
755 1525 953 1600 arduarum
970 1523 1128 1600 nubium
1145 1525 1286 1602 Iemes.

357 1665 553 1741 Convenit
570 1666 592 1741 ὲ
609 1665 768 1741 meridie
786 1666 949 1764 quisque
967 1665 1104 1740 arduus
1121 1665 1297 1764 princeps

357 1805 472 1881 Circa
485 1807 663 1907 clypeum
679 1806 873 1882 Crotharis
888 1807 995 1908 cujus
1013 1807 1153 1883 arduus
1167 1819 1251 1883 erat
1263 1805 1419 1884 sonitus.

358 1946 477 2022 Venit
494 1947 558 2020 ille
576 1972 662 2021 cum
680 1959 802 2022 morte
820 1945 908 2038 huc,

356 2088 416 2162 Ad
436 2089 550 2164 calles
567 2099 749 2186 angustos
764 2086 932 2162 hostium
952 2086 1079 2186 ipsius.

358 2227 595 2303 Ceciderunt
611 2227 789 2325 lacrymae
807 2225 830 2300 a
847 2225 1059 2326 virginibus
1076 2227 1227 2321 Ullinae‚

357 2367 438 2442 lllis
457 2368 653 2442 tuentibus
671 2366 719 2441 ad
739 2366 938 2442 cacumina
953 2367 1155 2466 [nimbosa]
1171 2369 1408 2446 nimborum:

360 2507 473 2583 Haud
492 2505 752 2584 descendebat
762 2506 919 2607 juvenis
936 2523 1097 2586 venator
1113 2509 1136 2586 a
1151 2524 1306 2604 monte;

360 2647 560 2724 Silentium
577 2648 763 2746 nigrescit
780 2648 820 2722 in
839 2661 963 2723 terra:

361 2788 505 2864 Lentus
524 2801 564 2864 et
580 2789 750 2888 lugubris
767 2801 825 2863 est
842 2813 933 2862 aura
949 2813 1000 2862 ex
1018 2789 1179 2865 adverso

361 2930 407 3006 In
424 2928 542 3004 herba
559 2954 642 3026 quae
661 2940 720 3002 est
735 2953 849 3029 parca
865 2953 977 3030 super
994 2931 1074 3030 ejus
1093 2931 1304 3031 sepulchro.

409 3068 661 3144 Descendens
678 3068 779 3143 sicut
795 3069 922 3168 aquila
938 3071 1133 3148 celorum·

363 3210 462 3286 Cum
481 3210 656 3284 omnibus
675 3209 742 3284 alis
760 3209 1011 3288 frementibus
1030 3213 1078 3288 ad
1096 3237 1204 3290 suum
1222 3215 1330 3309 latus,

364 3349 529 3436 Quando
547 3349 729 3448 relinquit
745 3363 904 3424 ventum
921 3377 1010 3428 cum
1026 3354 1180 3453 gaudio,

294 3479 296 3486 ¹
363 3490 484 3566 Venit
502 3501 613 3565 natus
629 3490 836 3566 Trennrore
854 3491 1060 3592 plagarum,

366 3632 492 3707 Conar
509 3645 694 3724 strenuus,
714 3656 846 3732 aspera
860 3657 992 3710 manus
1009 3635 1220 3728 vulnerum,

330 3809 333 3816 ¹
363 3775 398 3848 A
416 3775 604 3848 Morvene
614 3785 862 3848 'strenuorum
881 3787 921 3848 et
938 3775 1123 3852 arborum.

365 3915 480 3989 Fudit
498 3913 563 3988 ille
581 3885 690 3988 suum
708 3915 822 3988 robur
838 3939 951 4015 super
968 3915 1107 3991 lernen
1125 3917 1298 4008 viridem,

367 4053 498 4128 Morte
516 4055 598 4128 atra
617 4053 787 4148 violenta
801 4052 849 4127 ad
867 4065 1021 4172 tergum
1039 4055 1120 4156 ejus
1137 4057 1217 4149 teli,

367 4195 551 4269 Semivist
569 4219 656 4269 cum
675 4193 845 4295 passibus
862 4195 1022 4295 magnis.

368 4335 484 4434 Fugit
500 4359 629 4410 semen
648 4335 849 4434 Belgarum
865 4333 888 4410 a
904 4335 1076 4440 principe
1093 4364 1302 4436 armorum·

369 4475 476 4551 Sicut
494 4476 619 4550 viator
636 4472 659 4547 d
676 4487 847 4552 torrente
864 4474 963 4552 haud
983 4451 1155 4578 angusto,

371 4615 449 4704 Qui
469 4617 670 4718 erumpite
688 4617 850 4692 desertis
867 4617 1092 4711 nimborum,

371 4756 422 4832 Et
438 4758 503 4856 qui
522 4757 682 4833 discidit
699 4771 838 4834 terram
855 4755 998 4834 activo

785 4943 800 4974 ⁸
813 4941 833 5000 i.
846 4961 873 5002 e.
887 4939 1000 5000 Pressit.
