4184 5998
392 752 636 850 ‚vau-mc.
835 749 1064 828 carrona.
1440 751 1512 824 aar

389 971 426 1047 Si
443 971 572 1048 forent
591 972 698 1048 bardi
717 971 786 1074 ipsi
806 972 845 1048 in
861 972 1014 1050 silentio

387 1113 504 1190 Circa
520 1139 654 1189 saxum
673 1115 712 1188 in
730 1113 859 1188 littore
877 1115 959 1214 regi
977 1115 1120 1205 Selmae,

386 1251 610 1355 Erumperct
627 1255 697 1328 sub
715 1279 847 1330 eorum
865 1257 989 1330 anima
1005 1280 1136 1330 eorum
1154 1279 1270 1346 amor,
1356 1286 1358 1296 ·

385 1393 438 1470 Et
455 1409 556 1470 essct
572 1399 716 1472 animus
735 1398 805 1472 sub
822 1397 922 1471 fama
943 1397 1035 1495 regi.

384 1534 433 1609 In
449 1534 543 1610 horb
561 1540 634 1636 qua
651 1538 764 1613 cades
781 1549 867 1614 tute
884 1539 923 1614 in
942 1538 1086 1638 proelio,

386 1653 675 1754 oblibiscantur
692 1679 798 1752 bardi
816 1703 924 1754 suum
942 1691 1109 1755 cantum.

385 1814 436 1892 Es
453 1829 535 1893 ater
551 1831 682 1894 torvus
699 1831 784 1892 tute
802 1818 893 1918 ipse,
952 1869 965 1879 0

388 1955 572 2044 Quamvis
590 1960 667 2036 sint
684 1961 740 2036 tui
760 1961 891 2036 lacerti
909 1959 1055 2061 plagosi
1073 1961 1113 2036 in
1131 1960 1327 2050 conflictu,

385 2097 493 2174 Sicut
510 2125 668 2199 magnus
686 2126 891 2177 concursus
908 2099 1073 2176 cladium
1092 2101 1282 2178 coelorum.
1353 2201 1356 2210 A

385 2239 446 2314 An
464 2240 650 2316 oblivioni
668 2253 727 2316 est
745 2240 940 2318 Cathmori
957 2265 1028 2318 rex
1044 2242 1175 2318 Iernet

385 2379 432 2452 In
449 2378 684 2457 habitatione
702 2383 865 2482 angusta
881 2381 963 2458 sine
978 2383 1127 2458 flamma
1143 2383 1183 2458 in
1200 2381 1427 2484 sepulchro?

384 2518 445 2594 An
466 2533 524 2596 est
541 2522 726 2598 oblivioni
740 2522 833 2598 mihi
851 2523 922 2624 ipsi
941 2522 1093 2614 Carbar,

386 2659 500 2736 Meus
517 2661 637 2737 frater
653 2662 764 2738 ferox
785 2663 848 2738 cui
866 2689 943 2738 non
960 2663 1086 2740 deerit
1101 2689 1187 2740 mea
1203 2663 1309 2738 laur?

384 2800 529 2876 Notavi
547 2827 621 2902 ego
639 2803 940 2880 coruscationem
959 2804 1100 2878 laetitiae

385 2942 480 3028 Quae
498 2943 579 3018 ibat
594 2967 662 3043 per
679 2943 1001 3044 magnificentiam
1020 2945 1231 3022 facinorum

383 3083 501 3184 Super
517 3097 686 3160 mentem
703 3086 773 3160 sub
790 3086 953 3165 nubibus
969 3086 1071 3178 atris,

309 3233 312 3242 '
385 3225 551 3312 Quando
568 3225 664 3300 redii
683 3251 757 3326 ego
775 3253 861 3302 curu
878 3227 1002 3327 gloria
1018 3229 1065 3303 ab
1083 3227 1185 3304 clivo

384 3365 444 3440 Ad
463 3363 601 3440 Atham
618 3365 832 3442 nimborum
848 3378 889 3442 et
906 3367 1171 3442 torrentium.”

432 3507 598 3606 Magnus
616 3509 686 3583 sub
704 3509 823 3583 verbo
840 3509 956 3584 arduo
973 3507 1087 3608 regis,

381 3646 442 3722 Ad
461 3647 652 3724 nationem
672 3675 776 3725 auam
793 3649 976 3725 movit-ae
995 3649 1155 3748 quisquc
1172 3658 1366 3738 strenuum

384 3787 465 3862 Illis
483 3783 938 3866 inclinaremus-racina
1033 3791 1200 3880 -saltus,
1350 3787 1496 3886 [larum

380 3925 433 4002 Et
449 3929 712 4008 coruscatione
731 3955 861 4006 eorum
884 3931 1099 4006 umbrarum
1122 3931 1162 4005 in
1179 3926 1391 4006 certatione
1407 3925 1497 4002 otel-

381 4066 506 4143 Inatar
524 4071 708 4146 undarum
727 4071 764 4146 in
783 4070 868 4146 sinu
886 4071 1238 4172 scopulosi-montis

381 4208 457 4283 Sub
477 4223 593 4286 vento
612 4212 652 4285 in
670 4209 956 4288 concertatione
973 4210 1111 4286 noctis.
1239 4211 1242 4218 ’

378 4325 501 4426 Juxta
517 4377 697 4450 quercum
715 4351 895 4426 extendit
912 4376 981 4427 rex
1000 4377 1041 4427 ce
1058 4352 1190 4452 ipsum,

381 4467 529 4592 Clypeo
548 4493 742 4568 maculoso
760 4491 956 4593 plagarum
972 4492 1012 4568 in
1030 4491 1212 4568 torvitate
1256 4555 1258 4561 .

379 4629 440 4704 Ad
458 4657 588 4733 rupem
605 4657 723 4734 prope
742 4633 788 4708 ad
807 4657 957 4708 manum
975 4631 1093 4707 arduo
1109 4630 1226 4708 heroi.

380 4770 511 4846 Stabat
528 4773 730 4873 peregrina
754 4797 902 4848 morum
919 4774 967 4848 ab
985 4795 1140 4863 oceano,
