<?xml version="1.0" encoding="UTF-8"?>
<!DOCTYPE html PUBLIC "-//W3C//DTD XHTML 1.0 Transitional//EN"
    "http://www.w3.org/TR/xhtml1/DTD/xhtml1-transitional.dtd">
<html xmlns="http://www.w3.org/1999/xhtml" xml:lang="en" lang="en">
 <head>
  <title>
</title>
<meta http-equiv="Content-Type" content="text/html;charset=utf-8" />
  <meta name='ocr-system' content='tesseract 3.04.00' />
  <meta name='ocr-capabilities' content='ocr_page ocr_carea ocr_par ocr_line ocrx_word'/>
</head>
<body>
  <div class='ocr_page' id='page_1' title='image "./poemsossianinor00londgoog_0114.png"; bbox 0 0 4224 5996; ppageno 0'>
   <div class='ocr_carea' id='block_1_1' title="bbox 406 762 1532 844">
    <p class='ocr_par' dir='ltr' id='par_1_1' title="bbox 406 762 1532 844">
     <span class='ocr_line' id='line_1_1' title="bbox 406 762 1532 844; baseline 0.007 -8"><span class='ocrx_word' id='word_1_1' title='bbox 406 789 442 838; x_wconf 88' lang='lat' dir='ltr'><strong>v.</strong></span> <span class='ocrx_word' id='word_1_2' title='bbox 466 771 595 839; x_wconf 80' lang='lat'><strong>18-45.</strong></span> <span class='ocrx_word' id='word_1_3' title='bbox 858 762 1066 838; x_wconf 84' lang='lat' dir='ltr'>FINGAL</span> <span class='ocrx_word' id='word_1_4' title='bbox 1465 776 1532 844; x_wconf 82' lang='lat'><strong>105</strong></span> 
     </span>
    </p>
   </div>
   <div class='ocr_carea' id='block_1_2' title="bbox 398 986 1464 3213">
    <p class='ocr_par' dir='ltr' id='par_1_2' title="bbox 405 986 1427 1228">
     <span class='ocr_line' id='line_1_2' title="bbox 405 986 1427 1088; baseline 0.005 -28"><span class='ocrx_word' id='word_1_5' title='bbox 405 987 572 1075; x_wconf 85' lang='lat' dir='ltr'><strong>Quando</strong></span> <span class='ocrx_word' id='word_1_6' title='bbox 590 1000 676 1064; x_wconf 88' lang='lat' dir='ltr'><strong>tuus</strong></span> <span class='ocrx_word' id='word_1_7' title='bbox 695 988 824 1062; x_wconf 83' lang='lat' dir='ltr'><strong>vultus</strong></span> <span class='ocrx_word' id='word_1_8' title='bbox 843 998 924 1063; x_wconf 89' lang='lat' dir='ltr'><strong>erat</strong></span> <span class='ocrx_word' id='word_1_9' title='bbox 942 1013 1050 1086; x_wconf 83' lang='lat' dir='ltr'><strong>aeque</strong></span> <span class='ocrx_word' id='word_1_10' title='bbox 1068 987 1173 1063; x_wconf 78' lang='lat' dir='ltr'><strong>lavis</strong></span> <span class='ocrx_word' id='word_1_11' title='bbox 1192 1011 1237 1064; x_wconf 87' lang='lat' dir='ltr'><strong>ac</strong></span> <span class='ocrx_word' id='word_1_12' title='bbox 1256 986 1427 1088; x_wconf 86' lang='lat' dir='ltr'><strong>virginis.</strong></span> 
     </span>
     <span class='ocr_line' id='line_1_3' title="bbox 405 1129 1026 1228; baseline 0 -24"><span class='ocrx_word' id='word_1_13' title='bbox 405 1129 598 1205; x_wconf 90' lang='lat' dir='ltr'><strong>Viderunt</strong></span> <span class='ocrx_word' id='word_1_14' title='bbox 614 1130 671 1204; x_wconf 93' lang='lat' dir='ltr'><strong>illi</strong></span> <span class='ocrx_word' id='word_1_15' title='bbox 690 1129 826 1205; x_wconf 90' lang='lat' dir='ltr'><strong>faciem</strong></span> <span class='ocrx_word' id='word_1_16' title='bbox 841 1131 1026 1228; x_wconf 84' lang='lat' dir='ltr'><strong>juventae,</strong></span> 
     </span>
    </p>

    <p class='ocr_par' dir='ltr' id='par_1_3' title="bbox 403 1269 1313 1370">
     <span class='ocr_line' id='line_1_4' title="bbox 403 1269 1313 1370; baseline 0.003 -24"><span class='ocrx_word' id='word_1_17' title='bbox 403 1271 456 1346; x_wconf 91' lang='lat' dir='ltr'><strong>Et</strong></span> <span class='ocrx_word' id='word_1_18' title='bbox 472 1269 549 1346; x_wconf 88' lang='lat' dir='ltr'><strong>fuit</strong></span> <span class='ocrx_word' id='word_1_19' title='bbox 567 1296 696 1346; x_wconf 89' lang='lat' dir='ltr'><strong>eorum</strong></span> <span class='ocrx_word' id='word_1_20' title='bbox 715 1272 812 1347; x_wconf 87' lang='lat' dir='ltr'><strong>risus</strong></span> <span class='ocrx_word' id='word_1_21' title='bbox 830 1271 941 1347; x_wconf 92' lang='lat' dir='ltr'><strong>initio</strong></span> <span class='ocrx_word' id='word_1_22' title='bbox 959 1271 1008 1346; x_wconf 87' lang='lat' dir='ltr'><strong>de</strong></span> <span class='ocrx_word' id='word_1_23' title='bbox 1021 1270 1167 1370; x_wconf 90' lang='lat' dir='ltr'><strong>juvene</strong></span> <span class='ocrx_word' id='word_1_24' title='bbox 1185 1269 1313 1350; x_wconf 86' lang='lat' dir='ltr'><strong>heroe.</strong></span> 
     </span>
    </p>

    <p class='ocr_par' dir='ltr' id='par_1_4' title="bbox 403 1412 1350 1656">
     <span class='ocr_line' id='line_1_5' title="bbox 404 1412 1350 1514; baseline 0.001 -25"><span class='ocrx_word' id='word_1_25' title='bbox 404 1412 493 1489; x_wconf 87' lang='lat' dir='ltr'>Fuit</span> <span class='ocrx_word' id='word_1_26' title='bbox 510 1439 641 1488; x_wconf 88' lang='lat' dir='ltr'><strong>eorum</strong></span> <span class='ocrx_word' id='word_1_27' title='bbox 658 1439 759 1489; x_wconf 88' lang='lat' dir='ltr'><strong>mors</strong></span> <span class='ocrx_word' id='word_1_28' title='bbox 778 1413 818 1488; x_wconf 90' lang='lat' dir='ltr'><strong>in</strong></span> <span class='ocrx_word' id='word_1_29' title='bbox 836 1414 917 1514; x_wconf 88' lang='lat' dir='ltr'><strong>ejus</strong></span> <span class='ocrx_word' id='word_1_30' title='bbox 935 1438 1049 1487; x_wconf 91' lang='lat' dir='ltr'><strong>mauu</strong></span> <span class='ocrx_word' id='word_1_31' title='bbox 1068 1413 1107 1486; x_wconf 91' lang='lat' dir='ltr'><strong>in</strong></span> <span class='ocrx_word' id='word_1_32' title='bbox 1132 1414 1350 1490; x_wconf 83' lang='lat' dir='ltr'><strong>certamine.</strong></span> 
     </span>
     <span class='ocr_line' id='line_1_6' title="bbox 403 1554 1205 1656; baseline -0.002 -26"><span class='ocrx_word' id='word_1_33' title='bbox 403 1554 496 1656; x_wconf 86' lang='lat' dir='ltr'><strong>Ejus</strong></span> <span class='ocrx_word' id='word_1_34' title='bbox 514 1557 629 1630; x_wconf 90' lang='lat' dir='ltr'><strong>robur</strong></span> <span class='ocrx_word' id='word_1_35' title='bbox 645 1568 689 1630; x_wconf 90' lang='lat' dir='ltr'><strong>ut</strong></span> <span class='ocrx_word' id='word_1_36' title='bbox 706 1555 893 1630; x_wconf 88' lang='lat' dir='ltr'><strong>diluvium</strong></span> <span class='ocrx_word' id='word_1_37' title='bbox 914 1555 1020 1630; x_wconf 87' lang='lat' dir='ltr'><strong>Lorae</strong></span> <span class='ocrx_word' id='word_1_38' title='bbox 1040 1554 1205 1648; x_wconf 81' lang='lat' dir='ltr'><strong>ericaeae3</strong></span> 
     </span>
    </p>

    <p class='ocr_par' dir='ltr' id='par_1_5' title="bbox 402 1694 1341 1796">
     <span class='ocr_line' id='line_1_7' title="bbox 402 1694 1341 1796; baseline 0 -24"><span class='ocrx_word' id='word_1_39' title='bbox 402 1695 460 1772; x_wconf 94' lang='lat' dir='ltr'><strong>Ut</strong></span> <span class='ocrx_word' id='word_1_40' title='bbox 476 1697 580 1772; x_wconf 90' lang='lat' dir='ltr'><strong>mille</strong></span> <span class='ocrx_word' id='word_1_41' title='bbox 598 1708 785 1773; x_wconf 85' lang='lat' dir='ltr'><strong>torrentes</strong></span> <span class='ocrx_word' id='word_1_42' title='bbox 804 1695 960 1770; x_wconf 88' lang='lat' dir='ltr'><strong>fuerunt</strong></span> <span class='ocrx_word' id='word_1_43' title='bbox 975 1695 1057 1796; x_wconf 89' lang='lat' dir='ltr'><strong>ejus</strong></span> <span class='ocrx_word' id='word_1_44' title='bbox 1073 1694 1208 1772; x_wconf 89' lang='lat' dir='ltr'><strong>heroes</strong></span> <span class='ocrx_word' id='word_1_45' title='bbox 1226 1698 1341 1788; x_wconf 89' lang='lat' dir='ltr'><strong>torvi,</strong></span> 
     </span>
    </p>

    <p class='ocr_par' dir='ltr' id='par_1_6' title="bbox 400 1836 1464 2363">
     <span class='ocr_line' id='line_1_8' title="bbox 402 1836 1388 1938; baseline 0.003 -26"><span class='ocrx_word' id='word_1_46' title='bbox 402 1837 449 1912; x_wconf 90' lang='lat' dir='ltr'><strong>In</strong></span> <span class='ocrx_word' id='word_1_47' title='bbox 467 1839 651 1915; x_wconf 84' lang='lat' dir='ltr'><strong>conflictu</strong></span> <span class='ocrx_word' id='word_1_48' title='bbox 667 1849 873 1928; x_wconf 85' lang='lat' dir='ltr'><strong>scutorum,</strong></span> <span class='ocrx_word' id='word_1_49' title='bbox 895 1836 998 1913; x_wconf 89' lang='lat' dir='ltr'><strong>circa</strong></span> <span class='ocrx_word' id='word_1_50' title='bbox 1015 1838 1139 1912; x_wconf 86' lang='lat' dir='ltr'><strong>virum</strong></span> <span class='ocrx_word' id='word_1_51' title='bbox 1157 1841 1388 1938; x_wconf 71' lang='lat' dir='ltr'><strong>praeclarum,</strong></span> 
     </span>
     <span class='ocr_line' id='line_1_9' title="bbox 401 1977 1464 2080; baseline 0.001 -27"><span class='ocrx_word' id='word_1_52' title='bbox 401 1980 568 2067; x_wconf 87' lang='lat' dir='ltr'><strong>Quando</strong></span> <span class='ocrx_word' id='word_1_53' title='bbox 586 1991 771 2080; x_wconf 86' lang='lat' dir='ltr'><strong>ceperunt</strong></span> <span class='ocrx_word' id='word_1_54' title='bbox 788 1977 843 2054; x_wconf 93' lang='lat' dir='ltr'><strong>illi</strong></span> <span class='ocrx_word' id='word_1_55' title='bbox 861 2003 992 2078; x_wconf 87' lang='lat' dir='ltr'><strong>regem</strong></span> <span class='ocrx_word' id='word_1_56' title='bbox 1012 1978 1207 2054; x_wconf 88' lang='lat' dir='ltr'><strong>Lochlinis</strong></span> <span class='ocrx_word' id='word_1_57' title='bbox 1225 1979 1426 2074; x_wconf 88' lang='lat' dir='ltr'><strong>clivorum,</strong></span> <span class='ocrx_word' id='word_1_58' title='bbox 1458 2043 1464 2054; x_wconf 95' lang='lat'><em>.</em></span> 
     </span>
     <span class='ocr_line' id='line_1_10' title="bbox 400 2119 1316 2234; baseline 0.002 -38"><span class='ocrx_word' id='word_1_59' title='bbox 400 2121 452 2196; x_wconf 83' lang='lat' dir='ltr'><strong>Et</strong></span> <span class='ocrx_word' id='word_1_60' title='bbox 469 2119 658 2198; x_wconf 90' lang='lat' dir='ltr'><strong>abductus</strong></span> <span class='ocrx_word' id='word_1_61' title='bbox 678 2135 736 2196; x_wconf 89' lang='lat' dir='ltr'><strong>est</strong></span> <span class='ocrx_word' id='word_1_62' title='bbox 754 2121 819 2196; x_wconf 92' lang='lat' dir='ltr'><strong>ille</strong></span> <span class='ocrx_word' id='word_1_63' title='bbox 838 2121 1024 2220; x_wconf 85' lang='lat' dir='ltr'><strong>usquead</strong></span> <span class='ocrx_word' id='word_1_64' title='bbox 1043 2146 1147 2196; x_wconf 82' lang='lat' dir='ltr'><strong>suam</strong></span> <span class='ocrx_word' id='word_1_65' title='bbox 1168 2145 1316 2234; x_wconf 85' lang='lat' dir='ltr'><strong>navem.</strong></span> 
     </span>
     <span class='ocr_line' id='line_1_11' title="bbox 401 2262 1149 2363; baseline 0 -25"><span class='ocrx_word' id='word_1_66' title='bbox 401 2263 592 2339; x_wconf 86' lang='lat' dir='ltr'><strong>Intumuit</strong></span> <span class='ocrx_word' id='word_1_67' title='bbox 608 2264 666 2338; x_wconf 87' lang='lat' dir='ltr'><strong>ira</strong></span> <span class='ocrx_word' id='word_1_68' title='bbox 683 2263 723 2336; x_wconf 93' lang='lat' dir='ltr'><strong>in</strong></span> <span class='ocrx_word' id='word_1_69' title='bbox 741 2262 822 2363; x_wconf 83' lang='lat' dir='ltr'><strong>ejus</strong></span> <span class='ocrx_word' id='word_1_70' title='bbox 841 2263 959 2340; x_wconf 88' lang='lat' dir='ltr'><strong>corde</strong></span> <span class='ocrx_word' id='word_1_71' title='bbox 978 2264 1149 2356; x_wconf 89' lang='lat' dir='ltr'><strong>barbaro,</strong></span> 
     </span>
    </p>

    <p class='ocr_par' dir='ltr' id='par_1_7' title="bbox 400 2404 1185 2504">
     <span class='ocr_line' id='line_1_12' title="bbox 400 2404 1185 2504; baseline -0.001 -24"><span class='ocrx_word' id='word_1_72' title='bbox 400 2405 448 2480; x_wconf 94' lang='lat' dir='ltr'><strong>ln</strong></span> <span class='ocrx_word' id='word_1_73' title='bbox 467 2431 543 2504; x_wconf 93' lang='lat' dir='ltr'><strong>quo</strong></span> <span class='ocrx_word' id='word_1_74' title='bbox 561 2404 638 2480; x_wconf 91' lang='lat' dir='ltr'><strong>fuit</strong></span> <span class='ocrx_word' id='word_1_75' title='bbox 654 2429 756 2480; x_wconf 86' lang='lat' dir='ltr'><strong>mors</strong></span> <span class='ocrx_word' id='word_1_76' title='bbox 774 2406 936 2480; x_wconf 85' lang='lat' dir='ltr'><strong>obscura</strong></span> <span class='ocrx_word' id='word_1_77' title='bbox 945 2404 1084 2504; x_wconf 89' lang='lat' dir='ltr'><strong>juveni</strong></span> <span class='ocrx_word' id='word_1_78' title='bbox 1102 2405 1185 2480; x_wconf 87' lang='lat' dir='ltr'><strong>viro</strong></span> 
     </span>
    </p>

    <p class='ocr_par' dir='ltr' id='par_1_8' title="bbox 398 2543 1445 2932">
     <span class='ocr_line' id='line_1_13' title="bbox 400 2543 1445 2649; baseline 0.005 -29"><span class='ocrx_word' id='word_1_79' title='bbox 400 2547 447 2621; x_wconf 93' lang='lat' dir='ltr'><strong>In</strong></span> <span class='ocrx_word' id='word_1_80' title='bbox 464 2545 590 2622; x_wconf 88' lang='lat' dir='ltr'><strong>animo</strong></span> <span class='ocrx_word' id='word_1_81' title='bbox 608 2547 799 2649; x_wconf 83' lang='lat' dir='ltr'><strong>principis,</strong></span> <span class='ocrx_word' id='word_1_82' title='bbox 822 2545 930 2647; x_wconf 87' lang='lat' dir='ltr'><strong>cujus</strong></span> <span class='ocrx_word' id='word_1_83' title='bbox 950 2561 1030 2622; x_wconf 89' lang='lat' dir='ltr'><strong>erat</strong></span> <span class='ocrx_word' id='word_1_84' title='bbox 1047 2543 1313 2622; x_wconf 72' lang='lat' dir='ltr'><strong>infestissimus</strong></span> <span class='ocrx_word' id='word_1_85' title='bbox 1329 2547 1445 2626; x_wconf 88' lang='lat' dir='ltr'><strong>furor.</strong></span> 
     </span>
     <span class='ocr_line' id='line_1_14' title="bbox 401 2687 1397 2791; baseline 0.003 -29"><span class='ocrx_word' id='word_1_86' title='bbox 401 2688 515 2765; x_wconf 90' lang='lat' dir='ltr'><strong>Haud</strong></span> <span class='ocrx_word' id='word_1_87' title='bbox 534 2689 746 2791; x_wconf 86' lang='lat' dir='ltr'><strong>reportavit</strong></span> <span class='ocrx_word' id='word_1_88' title='bbox 763 2687 823 2764; x_wconf 88' lang='lat' dir='ltr'><strong>vir</strong></span> <span class='ocrx_word' id='word_1_89' title='bbox 841 2689 1046 2763; x_wconf 88' lang='lat' dir='ltr'><strong>victoriam</strong></span> <span class='ocrx_word' id='word_1_90' title='bbox 1066 2687 1107 2764; x_wconf 88' lang='lat' dir='ltr'><strong>in</strong></span> <span class='ocrx_word' id='word_1_91' title='bbox 1124 2689 1309 2765; x_wconf 87' lang='lat' dir='ltr'><strong>conflictu</strong></span> <span class='ocrx_word' id='word_1_92' title='bbox 1393 2769 1397 2780; x_wconf 67' lang='grc'>,</span> 
     </span>
     <span class='ocr_line' id='line_1_15' title="bbox 398 2831 1070 2932; baseline 0 -28"><span class='ocrx_word' id='word_1_93' title='bbox 398 2831 433 2904; x_wconf 86' lang='lat' dir='ltr'>A</span> <span class='ocrx_word' id='word_1_94' title='bbox 450 2833 583 2906; x_wconf 85' lang='lat' dir='ltr'><strong>Starno</strong></span> <span class='ocrx_word' id='word_1_95' title='bbox 601 2831 674 2906; x_wconf 83' lang='lat' dir='ltr'><strong>nisi</strong></span> <span class='ocrx_word' id='word_1_96' title='bbox 692 2832 826 2932; x_wconf 86' lang='lat' dir='ltr'><strong>Fingal</strong></span> <span class='ocrx_word' id='word_1_97' title='bbox 844 2831 934 2932; x_wconf 84' lang='lat' dir='ltr'><strong>ipse.</strong></span> <span class='ocrx_word' id='word_1_98' title='bbox 1067 2849 1070 2854; x_wconf 89' lang='grc'><strong><em>·</em></strong></span> 
     </span>
    </p>

    <p class='ocr_par' dir='ltr' id='par_1_9' title="bbox 400 2970 1131 3074">
     <span class='ocr_line' id='line_1_16' title="bbox 400 2970 1131 3074; baseline 0 -26"><span class='ocrx_word' id='word_1_99' title='bbox 400 2972 565 3048; x_wconf 87' lang='lat' dir='ltr'><strong>Sedebar</strong></span> <span class='ocrx_word' id='word_1_100' title='bbox 582 2973 759 3074; x_wconf 84' lang='lat' dir='ltr'><strong>princeps</strong></span> <span class='ocrx_word' id='word_1_101' title='bbox 777 2973 818 3048; x_wconf 90' lang='lat' dir='ltr'><strong>in</strong></span> <span class='ocrx_word' id='word_1_102' title='bbox 835 2973 902 3048; x_wconf 73' lang='lat' dir='ltr'><strong>sud</strong></span> <span class='ocrx_word' id='word_1_103' title='bbox 920 2973 1004 3048; x_wconf 71' lang='lat' dir='ltr'><strong>aulo</strong></span> <span class='ocrx_word' id='word_1_104' title='bbox 1021 2970 1131 3066; x_wconf 74' lang='lat' dir='ltr'><strong>ultra,</strong></span> 
     </span>
    </p>

    <p class='ocr_par' dir='ltr' id='par_1_10' title="bbox 400 3115 1400 3213">
     <span class='ocr_line' id='line_1_17' title="bbox 400 3115 1400 3213; baseline 0.002 -25"><span class='ocrx_word' id='word_1_105' title='bbox 400 3115 447 3188; x_wconf 93' lang='lat' dir='ltr'><strong>In</strong></span> <span class='ocrx_word' id='word_1_106' title='bbox 465 3117 569 3190; x_wconf 65' lang='lat' dir='ltr'><strong>terra</strong></span> <span class='ocrx_word' id='word_1_107' title='bbox 586 3117 816 3190; x_wconf 77' lang='lat' dir='ltr'><strong>Gallorum*</strong></span> <span class='ocrx_word' id='word_1_108' title='bbox 838 3141 999 3213; x_wconf 91' lang='lat' dir='ltr'><strong>quorum</strong></span> <span class='ocrx_word' id='word_1_109' title='bbox 1018 3128 1077 3206; x_wconf 87' lang='lat' dir='ltr'><strong>est</strong></span> <span class='ocrx_word' id='word_1_110' title='bbox 1094 3115 1277 3192; x_wconf 86' lang='lat' dir='ltr'><strong>altissima</strong></span> <span class='ocrx_word' id='word_1_111' title='bbox 1293 3115 1400 3190; x_wconf 84' lang='lat' dir='ltr'><strong>silva.</strong></span> 
     </span>
    </p>
   </div>
   <div class='ocr_carea' id='block_1_3' title="bbox 367 3255 1455 3356">
    <p class='ocr_par' dir='ltr' id='par_1_11' title="bbox 367 3255 1455 3356">
     <span class='ocr_line' id='line_1_18' title="bbox 367 3255 1455 3356; baseline 0.002 -26"><span class='ocrx_word' id='word_1_112' title='bbox 367 3313 371 3322; x_wconf 89' lang='lat'><em>.</em></span> <span class='ocrx_word' id='word_1_113' title='bbox 397 3256 613 3356; x_wconf 83' lang='lat' dir='ltr'><strong>Assumpait</strong></span> <span class='ocrx_word' id='word_1_114' title='bbox 629 3255 693 3329; x_wconf 92' lang='lat' dir='ltr'><strong>ille</strong></span> <span class='ocrx_word' id='word_1_115' title='bbox 712 3255 918 3330; x_wconf 90' lang='lat' dir='ltr'><strong>Snivanum</strong></span> <span class='ocrx_word' id='word_1_116' title='bbox 935 3281 1072 3332; x_wconf 90' lang='lat' dir='ltr'><strong>canum</strong></span> <span class='ocrx_word' id='word_1_117' title='bbox 1090 3257 1157 3356; x_wconf 91' lang='lat' dir='ltr'><strong>(ad</strong></span> <span class='ocrx_word' id='word_1_118' title='bbox 1177 3255 1237 3352; x_wconf 86' lang='lat' dir='ltr'><strong>se)</strong></span> <span class='ocrx_word' id='word_1_119' title='bbox 1260 3280 1385 3332; x_wconf 91' lang='lat' dir='ltr'><strong>coram</strong></span> <span class='ocrx_word' id='word_1_120' title='bbox 1405 3281 1455 3348; x_wconf 81' lang='lat' dir='ltr'><strong>ae,</strong></span> 
     </span>
    </p>
   </div>
   <div class='ocr_carea' id='block_1_4' title="bbox 393 3396 1514 4919">
    <p class='ocr_par' dir='ltr' id='par_1_12' title="bbox 393 3396 1514 4919">
     <span class='ocr_line' id='line_1_19' title="bbox 398 3396 1134 3488; baseline 0 -16"><span class='ocrx_word' id='word_1_121' title='bbox 398 3397 449 3472; x_wconf 87' lang='lat' dir='ltr'><strong>Et</strong></span> <span class='ocrx_word' id='word_1_122' title='bbox 466 3397 654 3474; x_wconf 88' lang='lat' dir='ltr'><strong>allocutus</strong></span> <span class='ocrx_word' id='word_1_123' title='bbox 672 3411 732 3472; x_wconf 89' lang='lat' dir='ltr'><strong>est</strong></span> <span class='ocrx_word' id='word_1_124' title='bbox 749 3397 853 3471; x_wconf 90' lang='lat' dir='ltr'><strong>lente</strong></span> <span class='ocrx_word' id='word_1_125' title='bbox 872 3421 959 3472; x_wconf 92' lang='lat' dir='ltr'><strong>cum</strong></span> <span class='ocrx_word' id='word_1_126' title='bbox 977 3396 1134 3488; x_wconf 80' lang='lat' dir='ltr'><strong>fraude3</strong></span> 
     </span>
     <span class='ocr_line' id='line_1_20' title="bbox 397 3537 1053 3638; baseline -0.003 -24"><span class='ocrx_word' id='word_1_127' title='bbox 397 3539 615 3630; x_wconf 89' lang='lat' dir='ltr'><strong>Suivanum,</strong></span> <span class='ocrx_word' id='word_1_128' title='bbox 636 3538 701 3638; x_wconf 93' lang='lat' dir='ltr'><strong>qui</strong></span> <span class='ocrx_word' id='word_1_129' title='bbox 720 3537 882 3614; x_wconf 86' lang='lat' dir='ltr'><strong>tollebat</strong></span> <span class='ocrx_word' id='word_1_130' title='bbox 898 3552 1053 3614; x_wconf 88' lang='lat' dir='ltr'><strong>cantum</strong></span> 
     </span>
     <span class='ocr_line' id='line_1_21' title="bbox 397 3680 1198 3781; baseline 0.001 -24"><span class='ocrx_word' id='word_1_131' title='bbox 397 3681 457 3757; x_wconf 92' lang='lat' dir='ltr'><strong>Ad</strong></span> <span class='ocrx_word' id='word_1_132' title='bbox 476 3680 643 3781; x_wconf 89' lang='lat' dir='ltr'><strong>lapidem</strong></span> <span class='ocrx_word' id='word_1_133' title='bbox 662 3680 821 3757; x_wconf 86' lang='lat' dir='ltr'><strong>Lodinis</strong></span> <span class='ocrx_word' id='word_1_134' title='bbox 840 3705 998 3757; x_wconf 88' lang='lat' dir='ltr'><strong>curvum</strong></span> <span class='ocrx_word' id='word_1_135' title='bbox 1018 3681 1057 3755; x_wconf 94' lang='lat' dir='ltr'><strong>in</strong></span> <span class='ocrx_word' id='word_1_136' title='bbox 1076 3681 1198 3773; x_wconf 91' lang='lat' dir='ltr'><strong>clivo;</strong></span> 
     </span>
     <span class='ocr_line' id='line_1_22' title="bbox 396 3821 1273 3914; baseline -0.002 -16"><span class='ocrx_word' id='word_1_137' title='bbox 396 3823 447 3899; x_wconf 89' lang='lat' dir='ltr'><strong>Et</strong></span> <span class='ocrx_word' id='word_1_138' title='bbox 465 3849 553 3900; x_wconf 91' lang='lat' dir='ltr'><strong>cum</strong></span> <span class='ocrx_word' id='word_1_139' title='bbox 571 3823 752 3899; x_wconf 84' lang='lat' dir='ltr'><strong>audiebat</strong></span> <span class='ocrx_word' id='word_1_140' title='bbox 769 3821 977 3897; x_wconf 85' lang='lat' dir='ltr'><strong>terrificum</strong></span> <span class='ocrx_word' id='word_1_141' title='bbox 996 3847 1130 3897; x_wconf 84' lang='lat' dir='ltr'><strong>saxum</strong></span> <span class='ocrx_word' id='word_1_142' title='bbox 1147 3821 1273 3914; x_wconf 86' lang='lat' dir='ltr'><strong>heroa,</strong></span> 
     </span>
     <span class='ocr_line' id='line_1_23' title="bbox 396 3963 1253 4066; baseline -0.001 -25"><span class='ocrx_word' id='word_1_143' title='bbox 396 3965 644 4066; x_wconf 87' lang='lat' dir='ltr'><strong>Reprimebat</strong></span> <span class='ocrx_word' id='word_1_144' title='bbox 662 3977 857 4040; x_wconf 84' lang='lat' dir='ltr'><strong>certamen</strong></span> <span class='ocrx_word' id='word_1_145' title='bbox 873 3963 1006 4062; x_wconf 84' lang='lat' dir='ltr'><strong>fugam</strong></span> <span class='ocrx_word' id='word_1_146' title='bbox 1025 3963 1253 4064; x_wconf 86' lang='lat' dir='ltr'><strong>principum.</strong></span> 
     </span>
     <span class='ocr_line' id='line_1_24' title="bbox 448 4105 1412 4207; baseline 0 -25"><span class='ocrx_word' id='word_1_147' title='bbox 448 4115 473 4150; x_wconf 90' lang='lat'><strong>“</strong></span> <span class='ocrx_word' id='word_1_148' title='bbox 491 4108 666 4199; x_wconf 89' lang='lat' dir='ltr'><strong>Snivane,</strong></span> <span class='ocrx_word' id='word_1_149' title='bbox 688 4106 796 4207; x_wconf 88' lang='lat' dir='ltr'><strong>eujus</strong></span> <span class='ocrx_word' id='word_1_150' title='bbox 815 4119 874 4181; x_wconf 87' lang='lat' dir='ltr'><strong>est</strong></span> <span class='ocrx_word' id='word_1_151' title='bbox 890 4105 1058 4180; x_wconf 85' lang='lat' dir='ltr'><strong>maxime</strong></span> <span class='ocrx_word' id='word_1_152' title='bbox 1078 4130 1194 4180; x_wconf 88' lang='lat' dir='ltr'><strong>canus</strong></span> <span class='ocrx_word' id='word_1_153' title='bbox 1213 4105 1412 4207; x_wconf 83' lang='lat' dir='ltr'><strong>capilluo,”</strong></span> 
     </span>
     <span class='ocr_line' id='line_1_25' title="bbox 396 4241 1120 4339; baseline -0.006 -15"><span class='ocrx_word' id='word_1_154' title='bbox 396 4248 512 4324; x_wconf 88' lang='lat' dir='ltr'><strong>Dixit</strong></span> <span class='ocrx_word' id='word_1_155' title='bbox 529 4249 683 4324; x_wconf 84' lang='lat' dir='ltr'><strong>Starnua</strong></span> <span class='ocrx_word' id='word_1_156' title='bbox 700 4241 893 4325; x_wconf 85' lang='lat' dir='ltr'><strong>scutorum</strong></span> <span class='ocrx_word' id='word_1_157' title='bbox 911 4247 1120 4339; x_wconf 86' lang='lat' dir='ltr'><strong>fuscorum,</strong></span> 
     </span>
     <span class='ocr_line' id='line_1_26' title="bbox 398 4388 1210 4480; baseline -0.001 -15"><span class='ocrx_word' id='word_1_158' title='bbox 398 4397 423 4433; x_wconf 92' lang='lat'><strong>“</strong></span> <span class='ocrx_word' id='word_1_159' title='bbox 441 4391 688 4468; x_wconf 86' lang='lat' dir='ltr'><strong>Proficiscere</strong></span> <span class='ocrx_word' id='word_1_160' title='bbox 705 4390 753 4464; x_wconf 88' lang='lat' dir='ltr'><strong>ad</strong></span> <span class='ocrx_word' id='word_1_161' title='bbox 771 4388 992 4464; x_wconf 89' lang='lat' dir='ltr'><strong>Ardveuem</strong></span> <span class='ocrx_word' id='word_1_162' title='bbox 1011 4389 1210 4480; x_wconf 86' lang='lat' dir='ltr'><strong>clivorum,</strong></span> 
     </span>
     <span class='ocr_line' id='line_1_27' title="bbox 394 4531 1275 4629; baseline 0 -21"><span class='ocrx_word' id='word_1_163' title='bbox 394 4533 452 4608; x_wconf 93' lang='lat' dir='ltr'><strong>Ad</strong></span> <span class='ocrx_word' id='word_1_164' title='bbox 472 4533 644 4623; x_wconf 86' lang='lat' dir='ltr'><strong>Selmam‚</strong></span> <span class='ocrx_word' id='word_1_165' title='bbox 666 4531 769 4606; x_wconf 88' lang='lat' dir='ltr'><strong>circa</strong></span> <span class='ocrx_word' id='word_1_166' title='bbox 788 4555 899 4629; x_wconf 89' lang='lat' dir='ltr'><strong>quam</strong></span> <span class='ocrx_word' id='word_1_167' title='bbox 917 4543 1099 4606; x_wconf 88' lang='lat' dir='ltr'><strong>curvatur</strong></span> <span class='ocrx_word' id='word_1_168' title='bbox 1115 4531 1275 4623; x_wconf 82' lang='lat' dir='ltr'><strong>fluctus3</strong></span> 
     </span>
     <span class='ocr_line' id='line_1_28' title="bbox 393 4673 1512 4776; baseline 0 -26"><span class='ocrx_word' id='word_1_169' title='bbox 393 4675 470 4750; x_wconf 94' lang='lat' dir='ltr'><strong>Dic</strong></span> <span class='ocrx_word' id='word_1_170' title='bbox 488 4673 635 4774; x_wconf 83' lang='lat' dir='ltr'><strong>Fingali</strong></span> <span class='ocrx_word' id='word_1_171' title='bbox 653 4673 747 4774; x_wconf 85' lang='lat' dir='ltr'><strong>regi,</strong></span> <span class='ocrx_word' id='word_1_172' title='bbox 1381 4675 1512 4776; x_wconf 86' lang='lat' dir='ltr'><strong>[cipes,</strong></span> 
     </span>
     <span class='ocr_line' id='line_1_29' title="bbox 394 4813 1514 4919; baseline -0.001 -27"><span class='ocrx_word' id='word_1_173' title='bbox 394 4817 474 4905; x_wconf 87' lang='lat' dir='ltr'><strong>Qui</strong></span> <span class='ocrx_word' id='word_1_174' title='bbox 500 4829 559 4893; x_wconf 89' lang='lat' dir='ltr'><strong>est</strong></span> <span class='ocrx_word' id='word_1_175' title='bbox 582 4814 856 4918; x_wconf 86' lang='lat' dir='ltr'><strong>pulcherrimus</strong></span> <span class='ocrx_word' id='word_1_176' title='bbox 883 4813 1144 4916; x_wconf 84' lang='lat' dir='ltr'><strong>(purissimus)</strong></span> <span class='ocrx_word' id='word_1_177' title='bbox 1166 4815 1269 4894; x_wconf 88' lang='lat' dir='ltr'><strong>inter</strong></span> <span class='ocrx_word' id='word_1_178' title='bbox 1286 4817 1390 4894; x_wconf 92' lang='lat' dir='ltr'><strong>mille</strong></span> <span class='ocrx_word' id='word_1_179' title='bbox 1411 4817 1514 4919; x_wconf 86' lang='lat' dir='ltr'><strong>prin·</strong></span> 
     </span>
    </p>
   </div>
   <div class='ocr_carea' id='block_1_5' title="bbox 780 4985 1090 5065">
    <p class='ocr_par' dir='ltr' id='par_1_13' title="bbox 780 4985 1090 5065">
     <span class='ocr_line' id='line_1_30' title="bbox 780 4985 1090 5065; baseline 0 -19"><span class='ocrx_word' id='word_1_180' title='bbox 780 4986 797 5022; x_wconf 74' lang='lat'><strong><em>&#39;</em></strong></span> <span class='ocrx_word' id='word_1_181' title='bbox 811 4985 854 5046; x_wconf 79' lang='lat' dir='ltr'><strong>rel</strong></span> <span class='ocrx_word' id='word_1_182' title='bbox 868 4985 1090 5065; x_wconf 79' lang='lat' dir='ltr'><strong>peregrinorum.</strong></span> 
     </span>
    </p>
   </div>
   <div class='ocr_carea' id='block_1_6' title="bbox 0 0 2116 5995">
    <p class='ocr_par' dir='ltr' id='par_1_14' title="bbox 0 0 2116 5995">
     <span class='ocr_line' id='line_1_31' title="bbox 0 0 2116 5995; baseline 0 0"><span class='ocrx_word' id='word_1_183' title='bbox 0 0 2116 5995; x_wconf 95' lang='lat' dir='ltr'><strong> </strong></span> 
     </span>
    </p>
   </div>
  </div>
 </body>
</html>
