4184 5998
365 749 402 802 v.
424 717 617 836 rar-449.'
810 727 1039 805 TEMORA.
1417 731 1488 808 ³65

362 949 489 1024 Instar
507 951 657 1026 nebulae
675 953 918 1027 remorantia
936 977 1050 1052 super
1066 962 1174 1026 tuum
1192 951 1354 1028 vultum.

410 1093 539 1179 Quare
558 1105 647 1168 suut
664 1093 778 1168 devia
795 1093 912 1168 verba
930 1091 1106 1168 Camlis?

358 1233 420 1307 An
438 1246 497 1309 est
514 1235 639 1310 luctus
657 1259 771 1335 super
788 1233 991 1335 supercilio
1009 1232 1090 1308 sine
1108 1231 1222 1308 labe?

359 1373 450 1448 Non
468 1387 528 1448 est
543 1373 704 1449 torvitas
723 1399 836 1476 super
854 1375 936 1476 ejus
955 1373 1029 1448 iter
1046 1371 1272 1464 retrahens,

358 1513 429 1590 Est
446 1514 629 1614 gaudium
652 1515 729 1616 (ei)
749 1515 790 1590 in
807 1541 875 1590 suo
893 1515 986 1616 igne
1003 1501 1160 1591 strenuo

357 1654 477 1754 Super
492 1681 558 1730 sua
575 1657 661 1731 luce
679 1656 761 1732 sine
779 1682 929 1757 vapore.

356 1795 409 1870 At
427 1793 500 1869 ibis
518 1807 559 1870 tu
577 1807 664 1896 post
681 1807 833 1896 tergum
851 1795 1102 1895 [retrocedcs]
1116 1795 1156 1871 in
1174 1807 1242 1871 tuo
1257 1795 1320 1874 die
1339 1795 1478 1898 ipsius3

355 1935 608 2035 Superveniet
625 1936 696 2012 tibi
715 1949 864 2039 tempus
882 1939 1118 2014 maculosum
1137 1936 1304 2038 pulveris

354 2075 411 2152 Te
430 2077 671 2152 contrahenti
691 2091 730 2153 et
748 2078 929 2154 trementi
947 2102 1014 2178 per
1033 2088 1139 2151 tuum
1160 2077 1309 2153 coelum.

409 2227 435 2260 “
450 2218 474 2292 J
479 2219 633 2295 ucunda
652 2221 751 2318 (est)
773 2219 867 2294 mihi
886 2245 965 2294 vox
985 2217 1117 2310 bardi;

354 2356 378 2434 J
383 2360 555 2436 ucundus
577 2360 676 2457 (est)
697 2387 784 2437 meo
801 2362 927 2436 animo
946 2373 1092 2452 cantus,
1192 2435 1197 2448 ,

354 2499 483 2576 Instar
500 2501 632 2577 imbris
652 2503 747 2576 lenis
766 2501 943 2576 matutini
962 2527 1012 2576 ex
1031 2503 1193 2578 adverso

354 2639 555 2740 Pergentis
572 2667 642 2742 per
660 2644 798 2718 vallem
817 2668 905 2718 cum
923 2643 1064 2720 blando
1083 2671 1188 2738 sono,

355 2782 521 2868 Quando
539 2783 722 2884 prospicit
738 2765 794 2858 roi
809 2785 830 2858 ὲ
848 2786 988 2861 nebula
1006 2799 1226 2862 saxetorum

211 2939 217 2952 ‘
353 2922 519 3022 Surgens
537 2925 813 3002 tardtacolle.

352 3063 444 3140 Non
463 3077 522 3141 est
539 3079 687 3168 tempus
705 3066 792 3158 hoc,
814 3067 983 3162 obarde,
1004 3069 1177 3162 carmini,

351 3204 392 3280 N
394 3230 438 3281 ec
453 3207 500 3282 ad
516 3207 725 3282 sedendum
739 3207 917 3284 deorsum
930 3208 993 3308 [ad
1008 3209 1239 3308 canendum]
1250 3235 1337 3288 cum
1353 3223 1482 3288 cantu.

351 3346 422 3422 Est
439 3348 574 3450 Fingal
590 3351 660 3426 sub
677 3313 789 3424 armis
807 3349 847 3424 iu
865 3349 976 3426 valle.

351 3489 455 3566 Ecce
473 3489 666 3592 fulgorem
684 3519 706 3567 a
724 3493 862 3593 clypeo
880 3492 1142 3570 victoriarum.

296 3597 301 3606 ¹
351 3629 420 3705 Est
440 3629 520 3730 ejus
539 3631 667 3708 vultus
686 3632 856 3734 caligans
875 3634 976 3709 inter
993 3635 1161 3736 capillos,

351 3771 501 3846 Semine
519 3770 651 3846 Iemes
669 3774 709 3848 in
728 3775 830 3850 clivo
847 3745 944 3850 adeo
962 3799 1174 3850 numeroso.

401 3915 543 3989 Nonne
562 3916 671 3991 vides
691 3929 743 4007 tu,
766 3917 890 4008 Carui,
912 3901 1155 4018 sepulchrum

353 4055 472 4154 Super
489 4055 701 4156 praecipitio
719 4059 884 4134 fluminis
903 4058 1030 4134 sonori
1046 4059 1067 4134 ὲ
1085 4072 1231 4150 sanctu,

350 4199 489 4274 Tribus
508 4199 714 4274 saxiacum
735 4199 839 4274 canis
858 4198 1047 4300 capitibus
1065 4169 1176 4302 supri

349 4341 427 4416 Sub
445 4367 601 4440 quercu,
624 4367 708 4441 quae
725 4355 902 4417 curvatur
919 4341 1106 4443 superne?

350 4482 420 4558 Est
437 4509 509 4560 rex
528 4487 610 4558 sine
628 4485 714 4558 luce
734 4483 812 4558 illic
831 4484 902 4557 sub
920 4484 1088 4582 pulvere.

350 4624 412 4701 Da
430 4627 511 4728 ejus
530 4627 696 4703 animum
714 4625 841 4700 denuo
861 4637 989 4699 vento.

350 4767 420 4844 Est
436 4767 557 4845 frater
574 4768 640 4846 ille
660 4763 857 4844 Cathmori
876 4765 946 4864 ipsi
961 4793 972 4856 ;
