4172 5982
371 727 606 796 aus-185.
818 667 1024 790 rmum.
1433 723 1477 798 γι

371 938 590 1015 Cemuntur
608 963 657 1013 ex
675 937 835 1012 adverso
852 935 1116 1008 moles-saxee
1134 933 1204 1007 sub
1220 932 1371 1026 nebule,

368 1079 419 1154 Et
436 1105 597 1178 quercus
617 1078 795 1176 ingentes
814 1099 895 1172 quae
913 1085 1034 1150 enatae
1053 1087 1141 1150 sunt
1157 1074 1197 1148 iu
1213 1074 1271 1152 iis.

368 1219 499 1296 Vertit
516 1221 653 1294 llamen
669 1215 692 1291 a
708 1216 875 1292 tumultu
892 1215 1026 1290 oceani

369 1360 416 1434 In
434 1359 565 1458 fugam
583 1358 760 1434 nebulam
777 1355 800 1431 ὲ
816 1356 990 1430 molibus.

368 1497 501 1574 Visum
520 1511 579 1574 est
596 1523 725 1573 semen
744 1499 875 1572 Iemes
893 1497 1153 1589 victoriarum,

367 1637 425 1716 Ut
442 1638 588 1739 scopuli
607 1638 655 1713 ad
675 1640 815 1714 fluctus
833 1663 1019 1712 ramorum

366 1779 553 1878 Tempore
568 1778 705 1854 erroris
723 1789 847 1853 nautae
866 1803 887 1851 a
903 1776 1078 1867 notitia*

369 1918 542 2016 Cumque
562 1933 621 1993 est
636 1915 756 1992 tristis
775 1931 930 2018 propter
948 1916 1201 1993 mutationem
1218 1917 1409 1993 coelorum.

420 2067 445 2101 “
462 2057 720 2148 Proficiscere,
742 2055 879 2146 Morla,
900 2057 1116 2148 celeriter,’'

368 2199 484 2274 Dixit
501 2224 569 2273 rex
592 2195 788 2272 Lochlinis
807 2197 990 2272 fluctuum
1011 2200 1197 2288 altorum;

371 2346 396 2384 “
414 2338 524 2414 Offer
540 2363 673 2440 pacem
690 2336 907 2412 hominibus
926 2337 994 2412 sub
1013 2337 1163 2438 fugt;†

368 2478 469 2554 Ecce
484 2477 594 2579 suprl
606 2478 690 2552 illos
703 2477 805 2552 cirea
817 2477 1091 2577 prominentias
1105 2477 1491 2572 molium-saxearum,

370 2619 481 2695 Offer
497 2643 640 2720 pacem,
662 2643 774 2716 quam
793 2617 922 2692 darem
940 2619 1105 2718 regibus,

371 2759 536 2858 Quando
555 2771 763 2836 curvantur
780 2757 907 2858 capita
923 2757 992 2832 sub
1011 2783 1137 2838 meum
1155 2760 1285 2852 telum,

370 2899 574 2998 Postquam
593 2923 721 2974 eorum
739 2895 874 2972 heroes
892 2895 1118 2974 ceciderunt
1135 2899 1175 2976 in
1193 2901 1389 2994 conflictu,

370 3037 420 3114 Et
437 3039 606 3139 virgines
624 3039 756 3114 molles
773 3049 862 3112 sunt
879 3039 1098 3136 lacrymosa
1117 3041 1157 3114 in
1174 3043 1315 3118 valle.’'

417 3176 537 3253 Venit
555 3177 680 3252 Morla
698 3177 835 3275 ingens
852 3189 962 3252 natus
980 3179 1156 3272 Sathare;

367 3317 458 3393 Erat
474 3341 644 3416 magnus,
667 3329 707 3392 et
727 3329 810 3406 erat
827 3318 1058 3418 compositus
1076 3319 1156 3419 ejus
1174 3345 1338 3418 gressus,

367 3459 637 3555 Alloquuturus
656 3456 867 3558 principem
887 3457 1015 3533 Iernes
1034 3459 1100 3556 qui
1118 3472 1198 3536 erat
1216 3463 1393 3562 egregius

367 3597 475 3673 Inter
493 3611 726 3673 conventum
744 3597 862 3676 altum
880 3601 1316 3678 strenuorum-virorum.

420 3739 606 3839 “Accipe
624 3763 757 3840 pacem
775 3763 798 3812 a
815 3739 990 3831 Suarano,
1010 3752 1050 3816 et
1067 3741 1186 3816 redde
1204 3743 1429 3838 tributum,'’

368 3879 483 3954 Dixit
499 3879 610 3954 heros
629 3879 736 3980 cujus
753 3905 831 3954 non
849 3891 930 3954 erat
946 3877 1050 3954 mitis
1067 3881 1243 3978 loquela3

371 4019 557 4121 “Accipe
574 4045 706 4120 pacem
725 4045 808 4119 quae
826 4020 937 4094 datur
953 4019 1117 4119 regibus,

368 4160 532 4246 Quando
550 4161 734 4237 occidunt
751 4161 791 4236 in
809 4161 1017 4236 certamine
1035 4162 1197 4260 agmina

368 4299 557 4399 Relinque
573 4301 712 4376 lernen
730 4300 929 4375 fluminum
948 4315 988 4375 et
1005 4302 1236 4380 viretommr

366 4441 485 4516 Tuam
503 4467 676 4534 uxorem,
698 4455 738 4518 et
756 4465 888 4516 canem
906 4442 1088 4540 gracilem
1105 4447 1222 4540 cervi,

367 4579 564 4680 Bragelam
584 4581 860 4658 sinus-venusti
878 4595 919 4658 et
934 4585 1068 4676 mollis,

296 4701 298 4708 '
369 4719 569 4814 Luathum‚
593 4723 657 4822 qui
675 4723 858 4822 relinquit
875 4735 1035 4802 ventum
1052 4752 1152 4829 pone
1170 4753 1221 4820 se,

581 4889 597 4924 ³
611 4890 629 4947 i.
643 4907 670 4949 e.
684 4909 703 4949 a
715 4891 787 4951 notu
799 4890 879 4950 locis.
1057 4893 1107 4964 †i.
1122 4911 1147 4952 e.
1161 4893 1270 4970 lugetis.
