4224 5996
389 768 425 820 v.
447 752 626 830 lon-129.
843 739 1049 816 FINGAL.

387 965 503 1066 Fugit
513 993 524 1056 ;
553 975 594 1040 et
611 972 780 1040 sectatus
800 971 858 1037 est
875 987 980 1038 meus
1000 961 1098 1036 filius
1116 968 1303 1036 strenuus.

378 1106 613 1182 'Exclamavi
634 1129 708 1205 ego
726 1104 845 1181 instar
862 1103 936 1178 rivi
954 1104 1140 1178 moderati
1158 1102 1265 1194 lenti,

393 1255 418 1291 “
436 1248 566 1338 Oscar,
587 1247 676 1322 ades
692 1246 768 1322 huc
788 1248 886 1322 citra
904 1247 1069 1338 Lenam3

391 1389 452 1465 Ne
470 1413 630 1488 sequere
649 1399 692 1462 tu
709 1388 859 1487 longius
878 1388 1009 1486 fugam
1031 1387 1285 1486 (Gallorum),
1336 1387 1503 1485 [tergo.”

392 1529 475 1606 Etsi
500 1531 550 1605 sit
576 1555 661 1605 mea
687 1555 818 1605 manus
847 1539 887 1604 et
913 1553 1039 1602 meum
1064 1525 1365 1600 durum-ferrum
1390 1523 1413 1600 ὲ
1435 1537 1503 1600 tuo

394 1671 514 1745 Venit
534 1669 654 1768 (ille),
677 1681 716 1744 et
729 1667 923 1770 jucundus
940 1667 1017 1743 fuit
1034 1668 1074 1742 in
1092 1667 1177 1742 mes
1194 1691 1284 1743 aure

394 1811 514 1886 Sonus
532 1811 683 1886 Oscaris
702 1809 742 1882 in
760 1809 841 1908 ejus
859 1807 1160 1884 duri-armatum
1176 1807 1345 1908 egregit.

398 1951 700 2038 “Quamobrem
719 1949 949 2040 continetur,
969 1949 1021 2022 mi
1039 1961 1156 2048 pater,
1177 1973 1262 2024 mea
1278 1973 1408 2024 manus

397 2093 533 2168 Donec
549 2091 796 2166 inclinissent
814 2089 854 2163 in
870 2103 1032 2164 mortem
1051 2089 1107 2163 illi
1126 2089 1306 2165 omnino?

399 2231 494 2322 Atri,
513 2230 645 2322 insani,
660 2231 707 2304 ad
723 2241 931 2304 torrentem
944 2229 1340 2306 molium-saxosamm
1379 2231 1530 2330 [lancm3

400 2371 685 2446 Converterunt
697 2397 736 2446 sc
749 2371 805 2445 illi
818 2383 951 2446 contra
961 2395 1088 2445 meum
1099 2371 1269 2471 gladium
1277 2380 1318 2446 et
1329 2371 1535 2447 contraFo·

399 2512 518 2587 Fuere
535 2535 628 2586 mcae
648 2511 790 2611 vigiliae
808 2513 965 2588 intentae
984 2513 1023 2588 in
1041 2526 1206 2587 terrores
1222 2511 1359 2588 noctis.

400 2638 573 2753 Reliquit
589 2653 656 2727 lux
676 2654 858 2750 quosdam
877 2679 927 2728 cx
946 2653 992 2726 iis
1009 2653 1049 2726 in
1067 2653 1205 2727 saltu.’‘

450 2795 574 2868 Instar
590 2807 792 2869 ventorum
810 2795 936 2868 noctis
954 2794 994 2868 in
1011 2791 1111 2868 facie
1129 2791 1262 2867 oceani

402 2934 618 3010 Effusorum
632 2935 818 3010 velociter
834 2958 945 3034 super
961 2931 1372 3033 arenosam-planitiem
1386 2931 1517 3024 Morae,

402 3075 524 3172 AEquc
542 3075 694 3150 obscuri
715 3075 877 3149 veniunt
893 3073 1075 3149 Suuranus
1094 3085 1134 3148 et
1152 3073 1233 3173 ejus
1251 3073 1410 3174 populus

403 3213 477 3288 Per
494 3213 634 3288 Lenam
653 3213 950 3314 praecipitiorum
968 3211 1049 3286 sine
1067 3212 1272 3310 colloquio.

405 3359 500 3432 Sunt
516 3367 666 3455 spectra
682 3351 826 3452 frigida
844 3351 1025 3450 ejulantis
1042 3377 1091 3426 ex
1110 3351 1279 3444 adverso,

406 3497 457 3572 Et
474 3495 700 3570 comebatur
716 3492 817 3590 ignis
834 3491 967 3566 mortis
984 3491 1024 3566 in
1042 3493 1149 3567 Lora.

406 3635 725 3738 Expergefaciam
742 3635 764 3708 ὲ
782 3657 917 3708 somno
935 3647 1131 3708 strenuum
1149 3633 1272 3710 virum

407 3775 673 3854 Subsidentem
690 3774 791 3850 inter
807 3776 936 3875 plagas
952 3773 1187 3851 fremituum.

408 3919 477 3996 Est
495 3918 560 3992 ille
578 3917 695 3992 instar
713 3916 801 3992 solis
819 3915 859 3988 in
876 3914 991 4006 coelis,

412 4057 487 4132 Cui
505 4057 610 4132 cedit
626 4082 786 4156 magnus
806 4057 970 4157 impetus
987 4057 1247 4156 procellarum.

410 4199 667 4298 Experrectus
685 4211 743 4272 est
759 4199 780 4272 ὲ
798 4199 944 4272 somnio
960 4197 1146 4298 princeps,

411 4338 462 4415 Et
478 4339 632 4414 innixus
651 4350 709 4414 cst
726 4352 835 4414 scuto
852 4338 1079 4430 Trenmoris‚

413 4479 528 4554 Scuto
546 4507 685 4580 magno
704 4481 782 4554 lato
800 4480 937 4554 coloris
954 4479 1064 4571 fusci,

415 4621 531 4707 Quod
550 4621 704 4697 sustulit
721 4621 802 4720 ejus
821 4620 983 4721 poterin
1003 4622 1105 4697 clivo
1123 4622 1374 4701 exercituum.

414 4759 534 4835 Venit
552 4760 593 4835 in
610 4786 742 4837 somno
760 4761 807 4836 ad
826 4758 942 4837 heros
