4224 5996
394 801 433 854 v.
458 785 637 859 tao-157.
861 777 1067 856 FINGAL
1443 783 1511 858 11³

391 999 577 1098 Tempore
595 1024 672 1098 quo
688 1000 830 1076 labitur
846 998 868 1075 a
886 999 1129 1100 cano-lapide
1146 999 1187 1074 in
1204 998 1318 1094 erice,

392 1139 443 1214 Et
460 1141 605 1216 sonitus
623 1141 880 1241 proficiscitur
896 1139 919 1215 a
930 1147 1028 1242 jugo
1046 1139 1168 1230 fusco,

393 1286 559 1372 Quando
578 1297 637 1360 est
653 1283 858 1382 tranquilla
874 1283 971 1356 silva
988 1293 1029 1358 et
1045 1280 1336 1374 arduus-clivus,

392 1425 444 1501 Et
460 1426 559 1502 filius
578 1415 672 1502 aulae
689 1424 817 1523 [echo]
834 1435 943 1498 natat
959 1423 1000 1497 in
1017 1423 1129 1498 valle.

394 1567 574 1668 Conjeoit
590 1567 723 1667 Fingal
741 1567 894 1643 oculum
912 1567 953 1640 in
970 1590 1077 1640 suum
1093 1564 1285 1666 populum,

392 1707 444 1784 Et
461 1710 632 1784 surrexit
648 1710 729 1812 ejus
747 1709 907 1808 populus
925 1706 994 1782 sub
1013 1707 1137 1781 armis.

391 1848 485 1934 Fuit,
497 1873 627 1924 eorum
645 1863 841 1924 certamen
857 1859 903 1923 ut
919 1855 1125 1924 concursus
1143 1848 1339 1925 undarum.

392 1989 473 2065 Ivit
489 1989 652 2066 Lochlin
668 1991 738 2066 sub
756 1991 887 2091 fugam
905 1989 1084 2093 procella.
1330 1991 1505 2093 [species

392 2131 551 2205 Sustulit
577 2131 642 2205 ille
669 2129 994 2208 adolescentulam
1023 2131 1132 2231 cujus
1161 2129 1238 2206 fuit
1264 2131 1510 2232 pallidissima

391 2269 613 2370 Nympham
630 2271 828 2372 placidam,
851 2273 960 2373 cujus
978 2271 1055 2348 fuit
1072 2273 1173 2348 mitis
1191 2273 1352 2350 indoles.

394 2411 596 2488 Commisit
612 2435 717 2486 suam
736 2413 893 2488 classem
912 2413 1115 2490 luctationi
1133 2411 1290 2504 oceani;

392 2553 468 2629 Sub
485 2553 665 2629 Ardvene
683 2567 742 2628 est
759 2553 840 2654 ejus
858 2553 1026 2628 tumulus
1044 2554 1084 2627 in
1105 2554 1286 2654 planitie;

392 2695 489 2770 Sunt
501 2695 638 2772 fluctus
653 2695 759 2772 circa
772 2695 853 2796 ejus
864 2694 1020 2770 domum
1034 2707 1236 2792 angustam
1251 2695 1331 2770 sine
1345 2697 1504 2772 flamma.

445 2842 469 2876 “
488 2833 644 2910 Centies
662 2836 761 2910 salus
780 2835 829 2910 sit
847 2849 920 2912 tuae
939 2837 1083 2927 animae,
1106 2839 1256 2926 ramae,”

393 2973 508 3050 Dixit
526 2975 717 3066 Cucullin,
739 2976 847 3077 cujus
864 2991 945 3052 erat
962 2989 1116 3052 strenua
1132 3001 1273 3052 manus.
1438 2981 1505 3076 [os,

396 3120 421 3157 “
439 3115 596 3190 Centies
614 3117 713 3190 salus
730 3117 781 3190 sit
799 3117 929 3210 bardo,
947 3117 1055 3217 cujus
1073 3129 1132 3192 est
1148 3117 1315 3192 maxime
1329 3143 1509 3192 canorum
1584 3187 1587 3194 .

391 3253 444 3332 Et
461 3255 640 3332 heroibus
658 3257 707 3330 de
726 3256 863 3354 quibus
883 3258 1055 3331 oriuntur
1072 3259 1249 3332 earmina.

393 3398 480 3474 Fuit
498 3399 673 3474 robustus
692 3399 732 3472 in
744 3397 908 3498 juventa
925 3421 1008 3488 rex,
1124 3495 1129 3508 .

391 3537 444 3612 Et
463 3550 522 3612 est
539 3537 686 3613 validus
704 3536 744 3611 in
762 3547 961 3612 senectute
979 3537 1060 3638 ejus
1077 3539 1236 3636 gladius.

394 3676 519 3752 Cadet
537 3677 699 3753 Lochlin
716 3678 785 3753 sub
804 3679 886 3779 ejus
904 3678 1247 3755 dura-fortitudine
1266 3679 1415 3774 iterum,

393 3818 534 3892 Summi
553 3818 662 3894 ducis
681 3817 845 3900 saltuum
863 3829 904 3893 et
921 3819 1120 3895 montium.

358 3939 363 3952 ⁸
393 3955 566 4033 Ostende
583 3970 690 4033 tuum
708 3938 857 4033 vultum
874 3959 1076 4035 anubibus
1095 3961 1293 4060 orientem,

392 4097 547 4192 Oluna,
567 4100 616 4175 ad
633 4099 924 4176 illuminandum
943 4101 1023 4202 ejus
1041 4103 1139 4178 vela.
1166 4137 1173 4150 ·

393 4239 429 4314 si
444 4241 497 4314 sit
513 4252 704 4342 spectrum
722 4243 825 4340 quod
843 4253 902 4320 est
919 4245 1088 4320 validum
1107 4245 1147 4321 in
1165 4247 1270 4324 coelis

393 4377 578 4454 Residens
596 4380 636 4454 in
654 4346 795 4458 nebula
811 4385 858 4458 ab
877 4384 959 4484 ejus
972 4389 1098 4486 'tergm

391 4518 535 4596 Averte
554 4521 635 4620 ejus
653 4521 811 4596 classem
829 4549 851 4598 a
867 4526 1045 4626 scopulis,

392 4658 463 4732 Vir
481 4661 545 4756 qui
564 4659 713 4736 veheris
731 4663 772 4737 in
791 4665 971 4741 nimbis.’'

393 4797 479 4874 Hoc
498 4798 602 4874 dixit
619 4800 797 4878 Cucullin
816 4806 1063 4884 victoriarum

443 4964 542 5016 nom.
568 4965 616 5018 11.
943 4971 959 5020 1
