4172 5982
357 829 393 879 v.
414 803 597 880 sss-662.
825 803 853 878 F
856 801 1035 880 INGAL.
1435 814 1479 880 51

354 1027 468 1101 Pulsa
485 1022 681 1114 citharam,
702 1033 791 1100 uate
810 1025 922 1116 Pena,
939 1007 1070 1127 pulsai

358 1169 497 1262 Lauda,
520 1169 646 1260 Carul‚
667 1193 792 1244 meum
810 1165 1053 1258 desiderium,
1075 1167 1178 1265 quod
1198 1177 1257 1242 eat
1273 1167 1383 1263 ultra,

358 1309 520 1385 Radium
538 1309 626 1385 solis
645 1311 858 1386 Dunscacae
877 1309 1043 1398 uudosae,

358 1448 528 1523 Puellam
546 1450 646 1524 collo
666 1450 840 1542 candido,
862 1449 1051 1550 palpebris
1071 1449 1197 1544 lentis,

360 1585 453 1661 Eam
472 1614 584 1686 quarn
604 1589 741 1689 reliqui
760 1615 834 1689 ego
852 1591 892 1664 in
910 1591 1032 1665 insula
1050 1593 1304 1684 exercituum,

361 1730 385 1806 J
390 1756 554 1806 uvenem
571 1757 731 1807 uxorem
750 1746 951 1808 venustam
970 1733 1168 1832 egregiam
1186 1733 1254 1808 filii
1273 1735 1386 1810 Semi.

360 1873 421 1946 An
439 1873 540 1948 tollis
560 1886 602 1947 tu
622 1873 761 1948 faciem
780 1874 957 1972 aspectus
976 1873 1081 1947 mitis

362 2012 396 2086 A
413 2039 505 2114 rupe
522 2015 742 2113 perquirens
761 2039 846 2087 mea
864 2015 978 2088 vela?

364 2153 473 2228 Nihil
491 2154 600 2229 vides
618 2167 662 2229 tu
680 2154 754 2228 nisi
772 2179 878 2228 mare
895 2178 1046 2246 vanum,

362 2296 454 2370 Non
472 2306 531 2370 est
547 2319 680 2396 spuma
697 2296 882 2370 undarum
903 2310 988 2371 tuus
1006 2296 1140 2388 heros3

365 2435 514 2541 Linque
531 2461 675 2536 rupem,
697 2419 876 2535 quoniam
897 2449 955 2514 est
971 2463 1050 2514 nox
1070 2439 1348 2532 circumcirca3

366 2576 435 2652 Est
451 2579 590 2652 flamen
607 2577 905 2678 praecipitiorum
925 2579 1028 2655 circa
1048 2592 1157 2655 tuum
1176 2593 1301 2682 caput.

369 2718 460 2793 Non
478 2717 614 2796 redibo
634 2743 708 2818 ego
725 2715 748 2792 d
765 2743 898 2819 campo
917 2717 998 2793 sine
1017 2720 1190 2812 victoria,

370 2858 567 2944 Quamdiu
586 2857 739 2935 durabit
758 2857 853 2958 fuga
870 2859 909 2932 in
929 2861 1039 2935 valle.

371 2969 502 3090 Conal,
524 3023 591 3098 per
606 2997 802 3074 historiam
820 3000 869 3074 de
887 3026 1016 3101 pugna

371 3139 475 3212 Pone
493 3136 698 3238 nympham
717 3139 933 3239 principum
951 3143 999 3217 ad
1017 3154 1192 3243 tergum3

371 3278 441 3353 Est
457 3277 625 3377 ingenua
643 3291 682 3352 et
700 3279 824 3353 nitida
841 3282 911 3355 sub
931 3280 1076 3382 capillis
1094 3287 1339 3362 aureo-flavis

371 3420 466 3495 Filia
484 3420 686 3519 Sorglanis‚
705 3419 814 3520 cujus
833 3432 891 3496 est
909 3422 1116 3498 celsissima
1131 3423 1272 3500 fama”

372 3562 587 3662 Respondit
606 3561 728 3637 Conal
745 3562 904 3660 loquele
923 3562 1107 3664 placida:

376 3705 522 3778 “Pone
542 3703 694 3803 vigilias
714 3717 848 3778 contra
865 3715 1069 3778 extraneos
1087 3705 1232 3795 oceani,

373 3845 477 3920 Poue
494 3842 629 3918 heroas
648 3845 688 3918 iu
705 3845 860 3920 arbusto
879 3845 944 3920 illo
963 3845 1072 3936 ultra,

374 3984 434 4058 Ad
453 3985 733 4060 observandum
752 3988 958 4061 Suaranum
976 3985 1173 4061 undarum.

377 4103 568 4218 Cucullin,
590 4140 649 4202 est
666 4153 772 4202 meus
791 4125 935 4200 animus
957 4127 1205 4226 (propensus)
1226 4129 1274 4204 ad
1291 4155 1434 4232 pacem,

377 4267 509 4366 Usque
528 4269 575 4343 ad
594 4268 812 4358 adventurn,
834 4267 882 4342 ab
897 4266 996 4342 Alba
1012 4269 1210 4362 montium,

375 4407 571 4483 Juvenum
588 4408 848 4509 praestantium
866 4434 953 4483 curn
972 4409 1129 4510 Fingale
1147 4437 1249 4512 rege,

379 4548 517 4650 Capite
533 4548 692 4624 heroum
710 4549 750 4623 in
768 4519 973 4626 certamine
992 4551 1186 4626 vallium.”

427 4689 621 4766 Percussit
638 4663 713 4782 ille,
736 4702 781 4765 ut
798 4691 961 4790 signum,
983 4717 1092 4768 suum
1111 4705 1272 4773 scutum.

380 4832 570 4910 Profectae
588 4843 677 4908 sunt
695 4833 836 4932 vigilia
854 4833 1036 4934 perlatus
1055 4834 1158 4926 clivi,
