4224 5996
395 783 431 833 v.
452 763 637 838 ets-270.
739 865 742 874 Ι
852 751 1059 827 FINGAL.

392 979 447 1054 Et
464 980 732 1054 inclinante-se
751 973 820 1048 sub
839 1000 1037 1050 moerorem
1055 975 1095 1049 in
1112 985 1239 1050 nocte.

393 1120 604 1196 Prehendit
621 1119 685 1194 ille
701 1117 858 1207 hastam,
880 1129 920 1190 at
937 1115 1084 1190 cecidit
1100 1115 1165 1190 ille
1182 1115 1292 1208 ultri,

392 1263 450 1338 Ut
466 1253 575 1338 aibor
592 1259 843 1336 succumbens
864 1259 903 1334 in
922 1257 1077 1332 clivum.

392 1404 509 1479 Stetit
527 1401 705 1478 Cucullin
723 1401 824 1475 solus
843 1397 883 1472 in
901 1398 1045 1499 proeli0,

391 1544 450 1620 Ut
467 1555 596 1618 cautes
616 1544 655 1617 in
672 1565 829 1616 arenoso
848 1539 977 1615 littore
995 1539 1107 1615 stetit
1125 1538 1310 1640 princeps,

394 1683 535 1759 Cautes
554 1707 797 1783 superquam
816 1680 983 1756 effundit
1002 1705 1167 1756 oceanus

392 1823 481 1898 Vim
499 1821 686 1896 undarum
704 1819 847 1920 frigide
864 1821 912 1924 cd
931 1821 1012 1920 ejus
1031 1821 1152 1913 lstu's3

391 1960 461 2035 Est
478 1985 610 2061 spuma
626 1961 710 2036 alba
727 1960 830 2036 circa
849 1961 931 2062 ejus
950 1961 1081 2038 fauces
1098 1987 1220 2063 supra,
1255 2045 1260 2058 ,

392 2103 561 2182 Molibus
580 2103 705 2178 saxeis
724 2101 990 2177 resonantibus
1008 2103 1049 2178 in
1065 2104 1278 2206 praecipitio
1298 2108 1420 2204 ericae.

390 2246 451 2320 Ab
462 2269 608 2346 ¹vapore
628 2268 723 2318 cano
741 2241 780 2326 in
797 2267 989 2316 murmure
1007 2242 1202 2338 fluctuum,
1331 2217 1336 2228 ⁸

374 2357 484 2460 ¹Visa
501 2397 561 2460 est
578 2384 707 2460 clusis
725 2385 896 2460 velorum
914 2382 1178 2478 candidorum,
1205 2469 1208 2482 Ι

393 2525 532 2601 Classis
550 2525 716 2625 Fingslis
736 2525 964 2601 eximiorum
980 2525 1206 2626 principum,

390 2667 501 2758 Altis,
522 2679 567 2740 ut
584 2667 692 2741 silvae
709 2666 838 2760 fuscae,
860 2667 942 2767 ejus
960 2665 1253 2742 malis-arboreis

392 2808 630 2884 Cedentibus
649 2809 792 2884 alterne
810 2809 850 2882 in
868 2808 981 2882 dorso
999 2795 1146 2882 oceani.

392 2949 643 3050 Conspicatus
662 2961 720 3025 cst
737 2952 918 3025 Susrsuus
936 2949 984 3024 ab
1002 2973 1095 3024 saxo
1113 2974 1324 3041 cervorum,

388 3091 439 3166 Et
456 3091 572 3165 rediit
589 3092 653 3168 ille
670 3091 693 3166 i
710 3091 882 3191 fugando
899 3091 1048 3166 lernen.

389 3231 447 3308 Ut
464 3231 640 3306 funditur
657 3255 821 3306 oceanus
838 3231 861 3306 i
878 3223 1021 3308 littore'

392 3374 507 3449 Circa
525 3383 680 3448 centum
698 3373 838 3447 insulas
856 3374 1084 3474 procellosas
1103 3339 1347 3462 balenarum3

390 3517 510 3615 AEque
529 3513 789 3602 fremebunda,
810 3525 900 3604 atra,
922 3513 1008 3605 lata,
1032 3513 1181 3614 ingens,

389 3659 581 3734 Movit-se
601 3653 764 3730 Lochlin
782 3655 963 3728 adversus
983 3679 1125 3753 regem.

391 3797 541 3873 Curvus
560 3810 601 3872 et
618 3798 863 3894 lacrymosus,
886 3794 1095 3884 luctuosus,
1116 3795 1254 3887 lentus,

388 3939 480 4040 Ejus
500 3937 607 4012 hasta
624 3937 664 4011 in
682 3936 785 4010 erice
801 3936 847 4009 ad
867 3935 964 4009 latus
983 3947 1023 4009 et
1040 3933 1063 4010 ὲ
1080 3948 1190 4036 tergo

389 4079 412 4154 J
416 4080 552 4154 acebat
570 4076 751 4176 Cucullin
768 4074 868 4151 ultri
886 4077 925 4150 in
943 4076 1049 4169 silvi,

389 4221 447 4296 Ut
464 4222 564 4321 ignis
583 4211 726 4296 micans
745 4229 834 4294 ante
850 4229 1012 4292 mortem
1032 4217 1248 4319 (alicujus).

391 4363 452 4437 De
470 4361 600 4438 amicis
620 4361 697 4436 fuit
713 4362 838 4436 luctus
856 4358 981 4434 herois

390 4503 437 4576 In
455 4529 587 4578 somno
606 4503 759 4602 placido
778 4528 889 4603 super
909 4502 1013 4577 clivo
1030 4501 1260 4603 proeliorum,

390 4643 482 4718 Erat
500 4657 624 4719 metus
644 4645 708 4720 ille
727 4645 855 4720 vultus
873 4643 987 4744 regis,

389 4785 471 4872 Qui
490 4783 594 4860 dixit
610 4785 768 4862 salutem
788 4787 822 4862 ei
841 4785 863 4861 ὲ
881 4785 1088 4862 certamine
1106 4799 1185 4860 tam
1203 4811 1311 4888 saepe.
