4224 5996
410 821 444 874 v.
463 805 622 882 74-101.
866 792 1075 870 FINGAL.

405 1021 502 1098 Orta
519 1033 578 1096 est
596 1045 675 1095 vox
695 1018 830 1120 gaudii
848 1017 1122 1107 circumcirca3

405 1163 497 1240 Erat
513 1162 650 1238 laetitia
668 1161 737 1237 sub
754 1160 868 1237 laude
886 1161 927 1235 in
944 1159 1086 1251 nervis,

407 1305 644 1381 Cecinerunt
661 1303 768 1379 bardi
785 1304 834 1377 dc
853 1302 1062 1379 certamine
1080 1296 1337 1394 victoriarum,

405 1447 458 1522 Et
475 1447 524 1521 dc
542 1447 620 1522 alto
638 1447 724 1523 sinu
742 1445 812 1520 sub
830 1469 958 1520 amore
976 1445 1078 1543 regis
1100 1441 1255 1517 strenui.

407 1587 588 1663 Elevavit
603 1587 724 1680 Ullin‚
745 1599 873 1662 orator
890 1579 1004 1686 regis,

407 1729 498 1804 Vox
517 1752 656 1804 canora
673 1726 817 1804 aeona
835 1729 1024 1817 sonbrum,

411 1871 582 1946 Laudem
600 1871 687 1946 filiae
706 1869 903 1946 Lochlinis
920 1869 1084 1944 saltuum

279 2041 283 2049 ·
409 2011 461 2087 Et
477 2013 661 2114 principis
680 2011 890 2104 Morvenis‚
908 2009 1017 2111 cujus
1035 2022 1094 2085 cst
1110 2008 1292 2084 altissima
1308 2007 1528 2084 obscuritas.

408 2153 546 2229 Audiit
563 2153 641 2230 filia
655 2152 853 2230 Lochlinis
871 2176 1002 2227 eorum
1020 2163 1176 2242 cantus3

411 2295 585 2394 Reliquit
601 2297 666 2370 illa
682 2295 919 2371 domicilium
938 2305 1129 2369 secretum
1146 2291 1245 2368 ultra
1255 2321 1266 2384 3

410 2437 531 2512 Venit
548 2437 589 2512 in
606 2463 673 2512 sua
690 2434 978 2537 pulchritudine
996 2435 1042 2509 iis
1061 2461 1201 2528 coram,

365 2593 369 2602 '
412 2578 470 2656 Ut
486 2579 577 2653 luna
593 2603 695 2653 nova
711 2575 734 2652 l
751 2579 902 2654 nebulis
920 2603 1032 2678 super
1048 2579 1137 2652 sale.

413 2709 500 2796 Fuit
518 2733 696 2796 venustas
715 2720 832 2794 instar
850 2719 946 2794 lucis
965 2720 1000 2794 ei
1020 2719 1318 2809 vestimentum

415 2861 584 2936 Fuerunt
601 2861 682 2962 ejus
700 2887 829 2962 passus
848 2861 968 2936 instar
983 2860 1184 2936 modorum
1201 2860 1421 2935 carminum.

418 3001 635 3103 Conspexit
650 3026 779 3103 regem
801 3003 914 3102 virgo
933 3027 1016 3101 quae
1035 3017 1117 3078 crat
1133 3003 1231 3078 benc
1249 3015 1417 3093 morata;

419 3144 559 3220 Ortum
579 3157 637 3220 est
655 3144 857 3245 suspirium
878 3144 960 3245 ejus
978 3145 1146 3246 pectoris
1164 3145 1269 3219 lente
1280 3171 1291 3236 ;

416 3284 509 3360 Erat
526 3286 608 3386 ejus
627 3288 789 3362 caerulus
806 3287 939 3362 oculus
961 3309 1187 3361 se-curvans
1204 3285 1368 3360 demisse
1427 3287 1537 3381 [rum.

421 3423 535 3501 Circa
553 3427 767 3527 principem
787 3426 985 3502 Morvenis
1005 3453 1182 3503 canorum
1207 3427 1364 3503 molium
1388 3449 1540 3502 saxosa·
1625 3419 1628 3424 ’

467 3569 514 3642 In
532 3567 650 3642 tertio
665 3567 730 3642 dic
749 3593 837 3642 cum
856 3567 1132 3644 radiationibus
1147 3569 1277 3645 versrls
1297 3569 1541 3645 occidentem

419 3708 716 3810 splendentibus
735 3709 775 3782 in
793 3707 896 3785 clivo
913 3733 1100 3810 aprorum,

422 3851 695 3926 Moverunt-ae
713 3851 869 3926 Starnus
887 3851 1079 3952 supercilii
1096 3851 1208 3944 fusci,

380 4037 382 4042 ·
423 3991 474 4066 Et
491 3991 626 4092 Fingal
644 4005 840 4070 scutorum
858 4007 899 4068 ct
915 3993 1129 4069 vulnerum.

425 4132 523 4209 Cum
541 4134 629 4209 lucc
647 4132 764 4209 dubia
782 4133 948 4234 profecti
967 4148 1057 4210 sunt
1074 4135 1130 4210 illi
1148 4137 1196 4210 ad
1214 4135 1456 4228 venandum3

424 4274 512 4350 Fuit
529 4275 637 4350 hasta
655 4275 789 4350 Selmae
807 4276 888 4351 lota
904 4277 944 4350 in
962 4276 1159 4376 sanguine.

474 4415 597 4490 Venit
611 4427 700 4490 nata
717 4415 862 4508 Starno,
884 4443 967 4515 quae
985 4417 1156 4494 nonfuit
1174 4417 1291 4512 fatua,
1339 4413 1341 4416 ⁵

428 4553 585 4631 Caerulis
602 4555 723 4630 oculis
743 4558 812 4630 sub
830 4558 1008 4658 lacrymis
1026 4559 1066 4634 in
1084 4561 1243 4638 diluvio'.

426 4696 546 4772 Venit
564 4697 674 4798 virgo
691 4723 777 4774 cum
798 4723 894 4774 voce
913 4724 998 4798 quae
1016 4713 1098 4776 erat
1115 4703 1265 4796 blanda,

426 4837 487 4914 Ad
505 4837 671 4928 heroem,
693 4840 760 4937 qui
777 4853 859 4916 erat
876 4841 1050 4937 eximius,
1072 4869 1202 4945 regem
1221 4822 1430 4924 Morvenis.
