4194 6006
400 733 642 824 ajam-299.
871 727 1077 862 unuin
1178 679 1181 688 ’
1258 741 1261 746 ·
1464 736 1537 816 au

406 959 480 1035 Tui
500 958 565 1057 qui
583 955 773 1056 dissipdsti
791 953 946 1055 fugatos
964 952 1046 1054 ejus
1063 949 1204 1026 hostes.

406 1101 553 1200 Accipe
570 1109 624 1190 tu,
646 1097 790 1196 Fingal,
812 1119 942 1170 ensem
961 1093 1189 1182 viri-fortis3

409 1241 522 1317 Fama
538 1240 620 1341 ejus
638 1264 744 1338 aeque
762 1235 883 1312 inanis
900 1247 959 1309 est
975 1259 1020 1311 ae
1037 1234 1187 1325 nebula,

408 1380 506 1458 Cum
525 1379 629 1479 fugit
646 1403 719 1480 prae
735 1389 865 1468 vento,

405 1519 680 1619 Relinquitque
697 1543 831 1619 agrum
849 1518 929 1594 sine
947 1515 1120 1592 umbrd.”

458 1661 613 1756 “Haud
632 1659 838 1761 accipiet,”
856 1655 1051 1760 respoudit
1071 1679 1152 1747 rex,

408 1811 433 1848 “
451 1803 564 1879 Haud
582 1802 748 1904 accipiet
764 1801 898 1900 Fingal
917 1800 1069 1902 inpane
1087 1821 1227 1889 ensem,

404 1947 563 2023 Validus
581 1961 640 2023 est
657 1945 768 2022 heros
786 1945 827 2020 in
844 1945 982 2046 pugud,

404 2089 589 2187 Famaque
606 2113 672 2188 par
691 2099 749 2162 est
765 2086 903 2161 manui.

402 2228 559 2305 Plurimi
576 2239 666 2304 sunt
682 2227 748 2326 qui
766 2237 963 2302 cesserunt
979 2225 1020 2300 iu
1037 2225 1255 2314 certamine,

402 2368 554 2456 Quibus
572 2367 612 2442 in
630 2367 760 2443 duello
778 2365 956 2442 restituta
972 2379 1031 2442 est
1048 2367 1181 2468 gloria.

402 2511 576 2604 suamne,
598 2534 667 2585 rex
686 2523 799 2586 terrae
817 2507 1010 2608 sylvarum
1029 2509 1256 2611 ingentium,

401 2654 548 2752 Sepone
565 2664 610 2727 tu
628 2653 809 2742 dolorem,

401 2793 547 2892 Inclyti
565 2805 654 2869 sunt
671 2793 737 2885 illi,
760 2793 825 2891 qui
845 2791 990 2868 cedunt
1007 2791 1047 2866 in
1064 2789 1209 2892 praelio,

399 2933 437 3007 Si
454 2933 532 3008 siut
548 2932 692 3008 streuui
711 2943 845 3009 contra
860 2932 1000 3024 hostes,

401 3075 527 3150 Instar
543 3073 632 3150 solis
650 3075 720 3150 sub
737 3073 902 3150 nubibus
918 3073 959 3148 in
976 3071 1128 3163 aethere,

400 3213 500 3288 Cum
518 3215 619 3290 celat
636 3239 676 3290 se
695 3215 735 3289 in
753 3226 885 3290 testate

399 3353 610 3430 Intuiturus
628 3379 721 3429 mox
739 3353 1155 3456 promontorium-laeve
1171 3365 1212 3430 et
1226 3353 1442 3432 herbosum.

445 3497 481 3570 A
499 3495 680 3570 Grumale
697 3495 871 3597 principe
889 3497 1005 3572 Conae

398 3636 608 3722 Quaesitum
627 3650 687 3712 est
704 3649 899 3750 certamen
915 3638 1038 3713 multo
1055 3636 1095 3714 in
1110 3613 1265 3714 littore:

397 3777 603 3856 Gaudebat
620 3778 766 3854 animus
783 3778 865 3880 ejus
883 3780 1061 3880 procelld,

395 3919 585 4018 Aurisque
603 3920 684 4020 ejus
703 3919 884 4020 clangore
902 3945 1114 3996 armorum:

395 4059 545 4134 Effudit
561 4074 736 4135 strenuos
755 4085 841 4135 suos
860 4059 960 4136 viros
978 4059 1019 4134 in
1037 4059 1180 4136 clivum
1199 4058 1341 4138 eracae.

395 4198 563 4274 Redibat
579 4225 650 4276 rex
669 4200 799 4278 Cracae
815 4201 837 4276 ὲ
854 4200 951 4278 silvd
967 4212 1141 4292 armatus,

394 4341 427 4416 E
446 4343 551 4417 circo
569 4329 768 4418 Brumonis
786 4344 988 4434 tumuloso,

394 4481 475 4558 Ubi
492 4485 682 4560 allocutus
701 4498 781 4560 erat
797 4484 912 4560 heros
930 4509 1065 4558 saxum
1083 4484 1282 4558 lemurum.

392 4623 582 4698 Terribile
599 4624 675 4699 fuit
692 4642 885 4720 certamen
896 4623 1266 4724 juvenum-fortium

393 4763 455 4839 De
472 4763 624 4865 virgine
641 4765 783 4842 blandd
803 4765 1007 4864 laten'sque
1024 4765 1139 4843 nivei.
