4172 5982
365 795 603 866 mre-240.
666 781 669 790 '
833 787 1041 866 FINGAI„
1124 851 1129 862 .
1229 855 1232 862 .
1440 801 1483 867 21

366 1009 493 1096 Quare
512 1010 551 1085 in
569 1009 673 1086 circo
691 1011 858 1113 lapidum
879 1012 1003 1112 (sola).
1022 1021 1151 1087 tecum
1169 1011 1260 1112 ipse,

366 1149 414 1224 In
432 1150 594 1225 cavemt
611 1152 712 1254 rupis
730 1151 769 1226 in
786 1153 852 1227 tud
870 1153 1076 1230 solitudine
1095 1152 1135 1226 in
1151 1155 1313 1230 monte?

366 1292 437 1368 Est
453 1293 597 1369 rivulus
614 1317 850 1368 murmurans
866 1293 915 1367 ad
934 1307 1042 1372 tuum
1058 1295 1167 1386 latus,

367 1433 418 1508 Et
435 1447 546 1510 vetus
564 1438 672 1511 arbor
690 1463 868 1512 assonam
886 1448 1015 1529 vento,

367 1573 437 1650 Eet
454 1578 638 1652 tumultus
657 1578 696 1652 in
713 1577 867 1678 gurgite
886 1577 952 1654 illo
971 1603 1022 1652 ex
1040 1579 1215 1671 adverso,

366 1715 418 1790 Et
434 1717 555 1793 nubes
573 1718 690 1794 fuscae
709 1719 811 1794 circa
826 1717 975 1818 apicem
993 1731 1226 1795 saxetormn.
1324 1783 1331 1798 .

366 1855 417 1930 Es
435 1868 478 1931 tu
495 1857 575 1958 ipsa
592 1872 635 1933 ut
653 1860 721 1932 nix
741 1883 854 1961 super
871 1859 1000 1951 cliv03

365 1997 424 2074 Ut
439 1998 628 2074 nubecula
646 1998 808 2076 Cromlae
827 2011 886 2077 cst
903 2001 1027 2076 flexus
1044 2010 1195 2078 tuorum
1213 2001 1394 2078 cimorum

367 2139 475 2214 Inter
489 2140 773 2218 ascendendum
792 2169 937 2218 sursum
955 2142 1002 2218 ud
1016 2143 1168 2244 jugum¹

367 2284 400 2359 E
418 2285 574 2385 regione
592 2283 686 2358 radii
703 2283 793 2362 eolis
809 2286 856 2362 ab
874 2283 1089 2361 occidente.

369 2425 476 2501 Sicut
493 2437 623 2500 cautes
642 2425 807 2500 candida
822 2436 882 2500 est
897 2437 984 2502 tuus
1000 2425 1104 2500 sinus
1122 2425 1246 2506 moltis

369 2567 416 2642 In
433 2569 551 2642 latere
570 2567 725 2642 Brannae
744 2567 910 2642 rivorum
927 2559 1125 2643 alborum’
1142 2564 1364 2665 [cherrimus
1382 2566 1510 2660 cirrus,

423 2717 447 2751 “
458 2709 606 2808 (Tunc)
617 2709 656 2782 in
668 2709 734 2783 illo
746 2709 948 2810 (tempore)
960 2707 1063 2782 dixit
1076 2707 1198 2808 virgo,
1214 2707 1321 2809 cujus
1336 2726 1417 2784 crat
1429 2709 1511 2810 pul·

374 2859 385 2892 ¹
401 2849 528 2944 Unde,
549 2875 572 2924 o
588 2849 650 2924 vir
667 2850 731 2950 qui
751 2875 791 2924 es
808 2848 1046 2925 torvissimus
1064 2847 1288 2924 hominum?

372 2993 458 3069 Fuit
475 2993 719 3068 tenebrosum
737 3005 844 3067 tuum
862 2991 1104 3092 supercilium
1122 3015 1292 3093 scmpcr3

372 3135 442 3210 Est
452 3136 570 3210 ruber
586 3146 674 3209 tuus
692 3134 826 3208 oculus
843 3157 958 3224 nunc,
979 3143 1020 3208 et
1037 3157 1114 3207 non
1133 3131 1294 3208 blandus
1312 3133 1386 3209 ille.

371 3276 432 3351 An
450 3274 582 3349 vidisti
600 3287 643 3348 tu
660 3275 864 3348 Suaranum
883 3297 994 3374 super
1010 3273 1183 3349 oceano?

375 3416 480 3502 Quid
496 3415 676 3491 audivisti
694 3427 737 3491 tu
755 3415 803 3491 de
819 3413 931 3490 hoste
944 3415 973 3490 ?'

425 3557 593 3632 ‘Adsum
611 3583 696 3658 ego,
718 3583 741 3632 ο
759 3558 909 3649 Muma,
928 3554 951 3630 d
967 3567 1113 3647 monte,

372 3697 433 3772 Ex
452 3698 606 3772 arbusto
625 3724 842 3801 caprearum
861 3699 1024 3774 saltuum
1042 3697 1269 3792 arduorum

372 3837 458 3914 Nec
476 3838 649 3914 auditum
667 3851 726 3914 est
742 3840 791 3914 de
809 3838 920 3914 hoste
938 3838 961 3914 d
978 3863 1051 3915 me.

374 3977 611 4056 Ceciderunt
627 3990 703 4055 tres
722 3979 830 4055 cervi
846 3980 916 4055 sub
933 3984 1018 4058 med
1034 4007 1158 4074 manu,

374 4121 410 4197 Ο
428 4122 507 4196 filia
524 4118 710 4214 Cormuci,
732 4120 841 4222 cujus
860 4134 919 4198 est
935 4120 1191 4223 pulcherrima
1209 4123 1367 4223 species.

374 4261 431 4337 Ut
447 4287 540 4338 meae
558 4263 691 4338 auimae
711 4275 770 4338 est
784 4287 890 4338 meus
910 4287 1016 4339 amor
1032 4263 1114 4356 tibi,
1135 4263 1269 4364 virg03
1382 4266 1489 4362 [te10‚

377 4403 535 4480 Cecidit
551 4429 688 4480 cervus
706 4405 787 4498 tibi,
806 4431 829 4480 0
846 4429 979 4480 manus
997 4405 1169 4499 candida,
1187 4410 1256 4485 sub
1273 4433 1360 4484 meo
1378 4409 1493 4486 duro·

376 4540 411 4616 0
429 4543 598 4645 nympha
614 4557 787 4637 venusta,
809 4545 872 4622 cui
889 4545 1035 4622 cedunt
1051 4547 1208 4648 populi’

429 4692 438 4726 ‘
455 4685 492 4761 Ο
509 4685 758 4777 Duchomar,’
776 4684 878 4760 dixit
895 4687 1004 4784 virgo
1023 4713 1106 4785 quae
1124 4699 1206 4766 erat
1221 4691 1335 4785 mitis,

381 4833 391 4868 ‘
409 4825 500 4902 Non
518 4837 578 4904 est
594 4829 782 4928 particula
797 4827 874 4904 mei
891 4829 1026 4906 amoris
1043 4826 1115 4904 tibi
1133 4829 1226 4931 ipsi3
