4224 5996
375 809 414 862 v.
444 797 625 874 los-129.
730 813 735 826 ·
831 781 1040 859 FINGAL.
1430 790 1497 857 lll

427 1015 452 1050 “
469 1007 603 1109 Fingal
620 1009 667 1084 ab
686 1007 844 1106 antiqua
861 1005 979 1107 stirpe
997 1006 1223 1107 principum,

372 1149 436 1228 Ne
452 1149 592 1226 habeas
611 1151 727 1226 fidem
744 1151 810 1224 irae
828 1148 962 1224 Sterni.

371 1293 471 1368 Sunt
487 1292 568 1393 ejus
586 1291 720 1368 heroes
739 1291 854 1368 celati
872 1291 913 1366 in
929 1299 1072 1382 monte,

366 1433 420 1524 ‘In
438 1433 534 1508 silva
552 1433 661 1508 fusca
678 1433 747 1508 sub
765 1433 901 1524 armis3

371 1574 489 1650 Evita
505 1575 639 1650 silvam
656 1573 801 1666 mortis,
824 1600 847 1649 o
866 1597 948 1664 rex,

371 1716 533 1792 Strenue
552 1717 611 1791 vir
628 1717 675 1792 ab
693 1715 817 1791 insula
833 1738 1032 1790 ramorum.

370 1855 524 1932 Adhibe
539 1855 758 1932 memoriam
770 1855 1000 1952 [recordare]
1013 1855 1323 1962 manu-candide
1334 1854 1491 1934 heroum
1497 1887 1508 1952 ς

371 1995 521 2072 Cohibe
539 2021 648 2072 suum
665 2010 812 2100 patrem
828 1994 851 2071 ὲ
869 1996 1022 2096 virgine
1041 1996 1143 2072 sinus
1162 1996 1248 2089 albi,

369 2137 457 2214 Rex
476 2139 688 2230 Morvenis‚
711 2137 812 2212 circa
830 2163 944 2237 quam
963 2151 1148 2214 curvatur
1166 2139 1345 2216 fluctus.''

419 2279 507 2355 Sine
525 2281 812 2380 perturbatione
831 2278 1015 2356 movit-se
1027 2280 1267 2381 juvenis-vir
1285 2305 1443 2374 sursum,

370 2421 462 2523 Ejus
480 2403 664 2496 heroibus
682 2423 722 2496 in
740 2421 1019 2523 dura-chalybe
1037 2423 1084 2498 ad
1105 2425 1185 2526 ejus
1203 2425 1310 2500 latus.

369 2563 608 2638 Ceciderunt
624 2565 797 2640 homines
817 2566 984 2640 mortis*
1005 2565 1075 2640 sub
1095 2566 1177 2666 ejus
1196 2591 1310 2640 manu
1326 2565 1465 2658 statim,

370 2704 588 2781 Resonabat
607 2709 765 2782 Gormal
784 2705 1035 2784 circumcirca
1052 2731 1140 2783 cum
1158 2707 1240 2808 ejus
1258 2705 1370 2784 crica.

417 2848 478 2921 Ad
498 2847 678 2923 viciniam
697 2849 843 2940 domus,
865 2850 905 2924 in
923 2861 1096 2948 quaerat
1115 2847 1349 2942 convivium,

368 2988 565 3065 Convenit
581 2989 603 3064 ὲ
621 2991 798 3066 venando
815 2991 1002 3093 populus3

368 3130 489 3206 Venit
506 3143 597 3206 trux
616 3133 773 3206 Starnus
791 3158 878 3208 cum
894 3132 1024 3224 hastis,

365 3273 469 3372 Atris
488 3271 698 3372 superciliis
716 3273 837 3348 instar
853 3273 964 3348 nubis
983 3273 1024 3348 in
1041 3271 1156 3363 unde,

367 3411 419 3487 Et
436 3414 559 3488 oculis
577 3413 695 3488 instar
713 3414 816 3489 rubri
834 3413 936 3513 ignis
954 3414 1092 3488 noctis.
1128 3433 1129 3436 ’

372 3554 559 3630 “Adesto
577 3558 661 3646 tu‚'’
680 3555 785 3629 dixit
803 3555 955 3629 Stamus
975 3554 1236 3648 conflictuum,
1285 3633 1288 3640 ,

368 3702 396 3740 “
412 3696 657 3796 Agandecca
681 3697 789 3796 cujus
808 3710 868 3771 est
883 3696 1007 3772 mollis
1025 3697 1188 3795 loquela.
1285 3745 1288 3750 ·

367 3838 481 3913 Haud
499 3837 576 3913 fuit
593 3851 701 3913 tuum
719 3839 955 3936 colloquium
972 3835 1115 3912 frustra
1133 3863 1219 3913 cunr
1238 3863 1353 3940 rege3

367 3980 484 4080 Super
502 3980 583 4081 ejus
600 4005 714 4055 manu
733 3991 792 4055 est
809 4004 921 4054 verus
940 3979 1094 4079 sanguis
1111 3980 1283 4080 populi.”

416 4121 538 4195 Venit
555 4147 642 4196 curn
660 4123 773 4198 rubro
792 4124 905 4197 oculo
923 4121 994 4196 sub
1012 4122 1202 4220 lacrymis,

369 4262 528 4362 Capillo,
552 4265 618 4362 qui
639 4277 720 4339 erat
738 4263 914 4353 eximius,
935 4265 1104 4364 disperso
1122 4264 1209 4357 alte,

367 4404 530 4482 Pectore
549 4405 714 4492 candido
732 4408 802 4480 sub
821 4407 982 4507 suspirio
997 4407 1161 4508 ingenti.

372 4545 494 4643 AEque
513 4547 677 4622 candido
696 4555 891 4648 ac'spuma
907 4548 981 4624 rivi
1002 4550 1410 4626 molium-saxosarum.

365 4686 497 4762 Trusit
513 4689 667 4763 Starnus
687 4689 964 4767 durum-telum
982 4691 1023 4765 in
1041 4693 1122 4792 ejus
1144 4693 1265 4784 latus;

366 4827 588 4906 Reclinavit
605 4831 670 4904 illa
686 4843 731 4904 ut
748 4834 1080 4910 cumulus-nivalis
1097 4835 1137 4910 in
1162 4835 1265 4911 clivo

766 4998 782 5030 ¹
795 4999 814 5058 ἰ.
827 5019 853 5060 e.
867 5000 1071 5061 interfectores.
