4224 5996
370 831 405 879 v.
428 812 610 882 sss-882.
820 801 1027 877 FINGAL.
1415 809 1483 884 129

369 1027 420 1102 Et
436 1027 619 1100 Suaranus
637 1035 678 1100 et
694 1025 776 1126 ejus
795 1023 937 1098 strenui
955 1023 1057 1096 inter
1074 1025 1337 1100 convivium.’'

375 1177 398 1211 “
418 1169 509 1244 Cras
527 1168 576 1242 sit
593 1169 815 1243 convivium
833 1164 1039 1266 principi,'’

371 1309 488 1384 Dixit
504 1334 575 1383 rex
595 1308 796 1382 Morvenis
814 1305 884 1380 sub
902 1303 1096 1380 falso-risu
1114 1306 1316 1404 [irrideus],
1347 1348 1353 1360 ·

375 1458 400 1494 “
417 1451 545 1525 Hodie
564 1448 803 1525 committam
820 1449 994 1548 proelium
1011 1449 1050 1521 in
1069 1446 1182 1540 clive,

373 1591 423 1666 Et
442 1614 654 1690 rumpamus
672 1601 791 1674 scuta,
814 1613 896 1686 quae
914 1601 1004 1662 sunt
1021 1588 1174 1662 eximia.

373 1729 543 1820 Ossiaue,
564 1741 623 1804 sta
641 1741 683 1803 tu
702 1753 848 1802 sursum
873 1729 920 1802 ad
938 1753 1060 1804 meam
1078 1753 1239 1820 manum,

374 1869 496 1961 Galle,
518 1870 612 1944 tolle
631 1881 673 1943 tu
691 1883 798 1942 tuum
817 1868 998 1967 gladium,
1020 1869 1081 1943 vir
1096 1893 1256 1968 magne;

375 2011 501 2101 Feara,
523 2035 654 2110 prome
671 2009 849 2108 sagittam
866 2007 968 2082 haud
985 2008 1153 2100 tardam3

373 2149 524 2247 Torque
537 2161 590 2240 tu,
608 2150 761 2241 Fillaue,
779 2161 883 2224 tuam
897 2148 1282 2225 arboream-lanceam
1298 2148 1487 2240 eximiam,

376 2290 534 2365 Elevate
552 2315 620 2365 vos
638 2303 765 2366 vestra
781 2303 891 2366 scuta
906 2289 1078 2382 sublime,

375 2429 433 2506 Ut
448 2432 575 2504 lunam
592 2431 662 2504 sub
680 2432 814 2506 umbra
831 2431 870 2504 in
888 2431 1008 2506 coelo:

377 2571 462 2644 Sint
477 2583 613 2674 vestra
630 2568 748 2644 hastae
766 2581 811 2644 ut
828 2569 961 2646 nuncii
978 2569 1134 2658 mortis3

377 2709 595 2808 Sequimini,
619 2709 820 2808 sequimini
837 2735 959 2785 meam
977 2710 1137 2810 gloriam
1156 2720 1196 2784 et
1214 2735 1275 2785 me
1292 2711 1435 2811 ipsum3

378 2850 468 2925 Este
487 2849 648 2948 aequales
667 2849 850 2924 centuriis
868 2851 909 2924 in
926 2851 1098 2952 proeli0.”

427 2991 484 3066 Ut
501 3003 657 3066 centum
675 2991 782 3066 venti
800 2992 840 3065 in
858 2993 1074 3090 quercubus
1092 2992 1300 3084 Morvenis,

377 3131 435 3208 Ut
452 3143 608 3206 centum
626 3131 782 3208 flumina
797 3130 819 3205 d
836 3135 990 3208 tumulis
1003 3135 1197 3234 jugorum,

378 3272 436 3348 Ut
452 3273 572 3346 nubes
595 3273 791 3369 (ruentes)
813 3297 924 3371 supra
938 3276 1114 3373 paludem
1133 3273 1318 3364 aterrime,

380 3411 438 3487 Ut
455 3435 618 3485 oceanus
634 3435 792 3508 magnus
812 3409 852 3484 in
868 3410 976 3486 littus
995 3411 1148 3500 effusus,

380 3553 501 3650 AEque
518 3551 598 3642 lati,
620 3551 875 3642 fremebundi,
896 3551 977 3642 atri,
999 3551 1160 3626 violenti

381 3692 645 3768 Occurrerunt
662 3690 734 3764 sibi
750 3688 885 3764 heroes
904 3692 974 3766 sub
993 3691 1125 3766 furore
1143 3693 1182 3767 in
1202 3693 1314 3768 Lena

382 3833 471 3906 Fuit
489 3833 632 3907 clamor
649 3831 778 3932 populi
797 3832 836 3906 in
852 3833 1072 3934 praecipitiis
1090 3835 1285 3927 montium,

381 3974 438 4050 Ut
455 3973 604 4048 tonitru
621 3973 661 4046 iu
677 3985 794 4048 noete
810 3974 1034 4067 nimborum,

385 4118 549 4204 Quando
567 4117 797 4218 dirumpitur
814 4118 933 4191 nubes
950 4117 1066 4193 Conae
1084 4117 1248 4210 vallium,

383 4258 434 4333 Et
450 4259 555 4333 mille
570 4269 722 4359 spectra
738 4257 884 4357 ejulant
900 4257 1148 4332 vehementer

384 4399 432 4472 Iu
449 4409 567 4474 vento
584 4397 687 4472 inani
703 4399 881 4473 turbineo
897 4399 1320 4475 mollium-saxosarum.

433 4529 623 4612 Movit-s'e
641 4563 711 4612 rex
729 4537 769 4612 in
788 4564 857 4613 suo
874 4540 1011 4614 robore
1025 4539 1223 4630 velociter,

384 4677 443 4754 Ut
460 4678 588 4777 imago
604 4677 832 4772 Trenmoris,
854 4681 995 4781 spectri
1013 4681 1094 4755 sine
1111 4677 1377 4768 misericordia,

387 4818 487 4894 Cum
504 4819 614 4894 venit
631 4819 695 4894 ille
713 4819 751 4894 in
770 4844 890 4894 curvo
908 4817 1059 4894 flamine
1075 4820 1261 4894 undarum

435 4985 535 5036 rou.
558 4985 607 5035 11.
933 4984 962 5032 rr
