4172 5982
338 777 601 855 aarum
827 777 1033 854 nuans.
1276 757 1280 766 '
1436 784 1484 862 aa

365 999 436 1074 Est
453 1001 702 1076 tenebrosum
717 1009 823 1074 tuum
837 998 1091 1101 supercilium,
1109 1007 1150 1074 et
1165 996 1403 1074 tenebrosior
1421 1006 1487 1070 tua

365 1137 450 1216 Tuo
469 1141 584 1218 corde
602 1143 720 1216 instar
738 1140 821 1216 saxi
839 1141 879 1216 in
893 1151 1036 1216 monta.
1297 1137 1483 1238 [indoles3

367 1281 420 1355 At
436 1281 503 1372 tui,
525 1307 548 1356 o
566 1281 619 1356 fili
636 1284 822 1372 Armunis‚
846 1282 922 1358 mei
940 1281 1130 1374 desiderii,

367 1423 518 1500 Eximic
538 1425 678 1515 Cabad,
701 1435 759 1499 est
776 1424 917 1504 Muma
937 1449 1076 1502 amans.
1103 1449 1108 1462 ·

368 1566 474 1642 Sicut
490 1568 649 1643 radiatio
668 1565 756 1640 solis
775 1575 835 1640 est
849 1575 956 1642 tuum
974 1566 1139 1666 occiput,

370 1706 468 1782 Cum
490 1707 705 1804 (ascendit)
726 1705 890 1782 sc·tollit
905 1707 1046 1782 nebula
1063 1705 1086 1782 ὲ
1103 1705 1222 1782 clivis.

369 1849 429 1924 An
446 1849 549 1924 visus
566 1859 626 1924 est
642 1847 665 1922 ὲ
682 1859 721 1921 te
741 1844 883 1936 Cabad‚
905 1845 1093 1946 princeps,

370 1991 506 2066 Novus
524 2015 645 2064 ramus
664 1989 704 2062 in
721 1987 857 2067 itincre
875 1986 1089 2064 clivomm?

372 2131 441 2206 Est
458 2131 536 2208 filia
547 2129 733 2222 Comraci,
746 2128 872 2206 herois
888 2127 993 2208 haud
1009 2127 1191 2227 lugubris,

370 2271 590 2372 Expectans
607 2270 773 2346 reditum
791 2271 848 2348 sui
866 2265 1084 2347 desideriis
1101 2266 1333 2344 venatione!
1356 2307 1363 2352 ι
1437 2338 1457 2356 ,,

423 2411 513 2486 ‘Est
527 2413 685 2510 longum
700 2410 890 2511 (tempus)
907 2435 983 2509 quo
1000 2421 1251 2511 expectatura
1267 2435 1318 2502 es,
1336 2409 1502 2502 Murna’

373 2551 488 2626 Dixit
504 2551 725 2627 Duchomar
740 2551 1036 2644 fusce-barbare,
1135 2600 1138 2611 ι

376 2699 386 2734 ‘
405 2693 580 2793 Longum
599 2705 659 2768 est
675 2718 751 2791 quo
770 2703 1021 2793 expectatura
1037 2667 1087 2784 es,
1110 2691 1258 2783 Murra,

373 2833 554 2912 Reditum
574 2833 641 2908 filii
658 2833 823 2912 Anninis
841 2833 1005 2911 ferarum
1020 2832 1170 2908 irarum.

373 2975 514 3077 Aspice
531 3001 642 3078 super
659 2977 798 3076 gladio,
821 2951 931 3077 cujus
949 2987 1008 3052 est
1024 2972 1229 3050 tersissima
1245 2972 1367 3074 plaga,

373 3117 603 3216 Sanguinem
622 3117 786 3194 Cabadis
805 3117 1003 3198 salientem
1021 3115 1203 3214 usquead
1217 3117 1299 3216 ejus
1317 3115 1493 3207 dorsum;

376 3253 533 3328 Cecidit
548 3280 613 3354 per
630 3284 691 3332 me
710 3271 797 3338 tuus
815 3259 988 3348 bellator,
1010 3259 1074 3357 qui
1092 3257 1167 3332 fuit
1183 3269 1368 3348 strenuus

375 3395 445 3470 Est
459 3397 617 3495 longum
636 3424 712 3496 quo
731 3407 1038 3498 expectaturaes
1055 3409 1097 3470 tu
1115 3397 1214 3496 ipsa,
1227 3373 1376 3472 Marna.

377 3533 531 3636 Erigam
549 3564 624 3637 ego
642 3565 776 3614 saxum
793 3561 905 3638 super
921 3547 1248 3626 tuumamantem,

376 3678 470 3752 Filia
488 3678 662 3754 Cormaci
680 3679 925 3755 caemleorum
941 3677 1176 3776 clypeorum.

375 3821 525 3896 Inclina
539 3821 579 3894 in
597 3819 879 3901 Duchomarem
897 3831 1004 3898 tuum
1021 3820 1186 3910 oculum,

376 3959 445 4036 Est
463 3961 545 4062 ejus
564 3987 695 4036 manus
712 3962 831 4036 instar
844 3961 1008 4036 tonitrus
1024 3962 1242 4036 montium’
1387 4035 1392 4042 .

430 4101 561 4176 ‘Num
579 4101 723 4176 cecidit
740 4101 838 4176 filius
855 4101 1020 4184 Arminis
1038 4103 1199 4201 (usque)
1220 4105 1267 4180 ad
1286 4109 1474 4198 mortem,’

379 4239 623 4316 Exclamavit
642 4267 729 4317 cum
746 4267 845 4317 voce
863 4243 921 4318 sui
938 4243 1073 4322 amoris
1092 4243 1213 4344 virgo.

383 4391 392 4423 ‘
410 4383 514 4457 Num
532 4383 677 4458 cecidit
693 4409 805 4484 super
821 4385 1104 4465 tumuloarduo

381 4523 547 4598 Bellator
559 4525 623 4622 qui
637 4524 715 4600 fuit
726 4523 1020 4604 formosissimus
1034 4527 1134 4604 inter
1143 4529 1348 4628 populum?
1376 4532 1494 4626 [natu

380 4665 532 4740 Ductor
544 4667 682 4766 (caput
693 4665 910 4764 hominum)
924 4669 1182 4770 prestantium
1197 4670 1362 4748 virorum
1375 4671 1417 4747 in
1430 4697 1497 4746 vc·

380 4804 512 4882 Hostis
530 4807 732 4884 vulnificus
750 4810 884 4886 oceani
901 4810 1160 4892 advenarum?
