4194 6006
355 823 392 876 v.
408 799 544 881 46-78.
811 796 841 872 F
841 797 1018 872 INGAL.
1411 809 1484 876 288

405 1029 430 1065 “
446 1023 592 1124 Incipe,
611 1021 753 1113 Ulline,
776 1021 903 1123 incipe
922 1021 1152 1098 cantilenam
1173 1023 1300 1122 pacis3

352 1163 536 1264 Expurga
548 1168 568 1208 *
588 1163 754 1238 animum
772 1188 899 1239 meum
918 1162 1126 1238 certamine
1144 1163 1386 1264 proeliorum3

352 1305 505 1381 Refluat
522 1307 570 1382 ab
589 1329 678 1380 aure
696 1309 780 1380 met
798 1305 955 1396 sonitus,

350 1449 491 1526 Gravis
512 1451 671 1548 clangor
687 1448 945 1548 panopliarum
963 1445 1191 1547 optimatum
1213 1445 1369 1550 (αςιςηων)
1380 1473 1392 1539 ;

349 1591 433 1665 Sint
452 1602 607 1666 centum
626 1588 781 1664 citharae
800 1588 913 1664 isthic
931 1589 971 1663 in
989 1589 1102 1679 clivo,

349 1729 406 1808 Ut
424 1732 593 1806 afficiant
610 1729 752 1831 gaudio
770 1731 965 1806 dominum
984 1731 1192 1805 undarum:

349 1875 461 1950 Haud
481 1873 673 1972 relinquet
690 1873 772 1948 sine
790 1873 926 1948 solatio
944 1885 1340 1964 terram-montosam

347 2017 485 2092 Nullus
504 2015 681 2091 discessit
697 2013 758 2090 vir
776 2014 798 2090 a
816 2039 877 2090 me
896 2013 1025 2090 tristis.

345 2155 641 2256 Oscor-optime,
663 2155 833 2256 fulgurat
852 2155 952 2230 ensis
969 2179 1074 2230 meus

343 2297 390 2373 In
408 2297 548 2373 faciem
565 2298 733 2373 hostium
751 2310 923 2398 tempore
942 2296 1046 2386 belli,

343 2439 390 2514 In
408 2464 501 2540 pace
520 2437 672 2537 adjacet
689 2463 774 2513 meo
793 2437 915 2533 lateri,

349 2579 447 2654 Cum
466 2577 610 2654 cedunt
629 2577 841 2654 viri-fortes
861 2578 900 2652 in
918 2578 1171 2656 certamine.”

393 2729 417 2762 “
436 2719 522 2794 Fuit
537 2721 763 2810 Trenmor,’'
781 2720 886 2794 dixit
902 2745 944 2796 os
963 2723 1188 2812 carminum,

344 2867 368 2906 “
387 2861 447 2935 Ex
465 2861 649 2961 progenie
668 2885 751 2958 quae
769 2859 905 2934 extitit
922 2861 1036 2953 olim3

340 3001 432 3077 Erat
451 3001 486 3075 ei
504 3002 578 3076 iter
592 3027 660 3101 per
676 3025 862 3076 oceanum
879 3002 927 3076 ad
946 3001 1257 3102 septentrionem,

339 3145 487 3242 Parque
508 3157 589 3218 erat
606 3142 786 3217 fluctibus
804 3143 844 3216 in
863 3155 1103 3242 tempestate.

338 3284 504 3360 Excelsa
521 3309 632 3384 rupes
650 3283 691 3357 in
709 3285 811 3358 terrl
828 3308 1029 3375 remorum,

337 3424 469 3526 Opaca
486 3425 583 3499 silva
600 3447 802 3520 saxeaeque
821 3424 940 3499 moles
958 3439 1180 3502 resonantes

234 3619 238 3624 -
337 3565 442 3640 Ortae
461 3577 550 3640 sunt
568 3589 618 3639 ex
636 3589 778 3665 vapore
796 3565 958 3640 obscuro
977 3566 1088 3659 salis;

336 3705 387 3782 Et
405 3705 535 3782 vinxit
553 3707 638 3780 vela
654 3710 718 3804 (ut
736 3719 864 3781 essent
883 3710 986 3805 tuta)
1009 3709 1057 3783 ab
1077 3735 1235 3786 oceano.

335 3847 495 3922 Secutus
514 3859 573 3922 est
589 3847 777 3922 Trenmor
792 3872 924 3948 aprum
941 3850 1093 3925 fulvum
1111 3850 1263 3942 montis,

336 3989 414 4074 Qui
433 3987 624 4063 fremebat
641 3988 680 4062 in
700 3989 882 4063 Gormall
898 3991 1087 4082 saltuosa;

313 4124 520 4202 'Plurimos
539 4127 603 4202 ille
616 4129 976 4229 juvenes-strenuos
995 4131 1149 4231 reliquit
1169 4160 1191 4208 a
1208 4149 1341 4234 tergo:

334 4267 463 4343 Hastae
479 4269 697 4346 Trenmoris
715 4271 909 4346 concessit
924 4272 1044 4370 spolia

332 4409 379 4484 Se
398 4425 628 4486 convertens
646 4411 686 4484 in
704 4413 912 4487 luctamine
934 4414 1080 4490 mortis.

331 4550 425 4625 Tres
443 4553 599 4644 strenui,
620 4552 685 4651 qni
704 4555 886 4630 viderunt
903 4554 1063 4648 facinus,

332 4689 544 4766 Narrlrunt
561 4692 610 4766 de
627 4693 800 4796 principe
817 4694 1062 4790 advenarum,

331 4827 543 4906 Narrlrunt
558 4856 645 4906 cum
664 4833 816 4908 stetisse
835 4859 885 4909 ex
904 4837 1066 4914 adverso

701 4997 717 5033 ⁸
731 5000 777 5058 Ad
793 5001 920 5075 verbum,
933 5004 1043 5066 Cribra.
