4194 6006
328 764 383 814 u.
408 745 540 814 18-45.
788 739 1018 816 TEMORA.
1402 749 1470 824 271

345 962 553 1039 Concussit
570 964 635 1038 illc
653 963 817 1040 lacertos
831 963 1065 1061 [vulnificos]
1081 962 1304 1037 damnorum
1322 965 1412 1040 alte.

346 1104 453 1178 Sicut
469 1105 590 1179 nubes
608 1106 648 1180 in
665 1105 826 1180 desertis
848 1104 947 1201 (est)
967 1129 1128 1205 magnus
1145 1096 1340 1207 princeps,¹
1471 1117 1472 1120 ’

346 1246 506 1321 Varians
524 1248 594 1322 sub
613 1259 731 1323 vento
749 1247 965 1324 nimborum
983 1271 1088 1322 suam
1107 1246 1285 1338 formamv

349 1387 522 1462 Vallibus
540 1388 579 1462 in
597 1391 704 1465 luctu
721 1390 790 1464 sub
808 1403 951 1483 monte,

349 1528 400 1604 Et
416 1530 583 1605 invicem
602 1532 672 1606 sub
689 1543 795 1606 metu
814 1531 1001 1605 imbrium.

398 1672 562 1773 Recepit
580 1698 649 1746 rex
668 1697 777 1747 suum
794 1697 974 1772 magnum
993 1671 1158 1747 animum
1177 1674 1250 1750 sibi
1270 1673 1364 1777 ipsi;

351 1813 562 1890 Prehendit
580 1815 645 1889 ille
661 1814 807 1889 hastam
826 1825 1064 1888 strenuorum
1083 1813 1123 1886 in
1141 1839 1306 1891 manum.

353 1956 544 2030 Reversus
564 1969 622 2030 est
639 1958 721 2056 ejus
739 1959 872 2034 oculus
890 1959 937 2032 ad
955 1970 1108 2056 tergum
1127 1955 1304 2046 Molenae,

352 2095 660 2195 speculatoribus
672 2098 891 2174 damnorum
904 2097 1191 2198 (venientibus)
1207 2096 1334 2172 amari
1348 2097 1498 2172 carulo.

353 2235 557 2312 Venerunt
574 2239 630 2312 illi
649 2264 736 2313 cum
754 2239 922 2339 passibus
941 2239 1010 2313 sub
1028 2239 1168 2312 timore
1183 2303 1188 2312 .

354 2377 458 2477 Saepe
470 2377 727 2479 despicientes
741 2378 919 2453 deorsum
931 2379 955 2454 a
969 2381 1045 2454 suis
1057 2379 1238 2454 calcibus.
1258 2377 1498 2475 [facinorum.

355 2519 559 2608 Intellexit
570 2518 713 2596 Carbar
726 2523 892 2620 (metum
906 2521 1008 2618 esse)
1023 2521 1127 2599 circa
1140 2519 1341 2620 egregium
1356 2544 1485 2620 regem
1518 2493 1519 2496 Ἴ

357 2661 525 2736 Vocavit
545 2661 609 2735 ille
627 2673 760 2738 torvus
778 2662 968 2762 principes
986 2660 1033 2736 ad
1051 2685 1154 2734 suam
1174 2683 1336 2734 manum.

356 2803 491 2877 Statim
513 2813 703 2878 venerunt
720 2829 848 2903 passus
867 2803 992 2877 sonori
1009 2801 1179 2891 heroum,

358 2942 572 3018 Subalbidis
590 2942 727 3042 gladiis
746 2942 858 3018 nudis
875 2943 916 3016 in
934 2943 1161 3040 unaquaque
1179 2965 1306 3016 manu.

358 3084 446 3159 Illic
465 3096 548 3157 crat
566 3085 692 3158 Morla
709 3085 749 3158 in
768 3083 1002 3160 obscuritate
1020 3083 1212 3181 [tetricus]
1230 3079 1383 3170 fuscum

358 3227 445 3302 Illic
464 3237 544 3300 erat
561 3227 674 3300 Dalla
689 3225 880 3322 [crinitus]
895 3225 1059 3300 crinium
1079 3226 1118 3298 in
1139 3235 1268 3314 vento,

360 3369 520 3444 Cormar
535 3367 643 3443 rufus
661 3365 909 3442 inclinans-se
928 3391 1039 3466 super
1055 3364 1212 3456 hastam,

359 3511 411 3586 Et
428 3523 539 3584 tuens
557 3511 712 3583 eaevitcr
728 3510 775 3582 ab
795 3508 861 3584 orb
878 3533 954 3582 suae
973 3491 1176 3582 torvitatii.

358 3649 553 3726 Terribilis
572 3663 656 3724 erat
673 3661 759 3724 tuus
778 3649 911 3724 oculus
931 3636 1124 3738 curvatus,
1145 3644 1306 3736 Malthe,
1350 3639 1355 3650 ⁸

359 3793 420 3867 Ab
438 3793 581 3866 intuitu
599 3804 674 3866 tuae
692 3815 841 3889 magnae
859 3789 1059 3892 palpebrae.

270 3943 275 3950 '
360 3935 492 4008 Stabat
510 3929 716 4007 Foldathus
731 3931 866 4006 similis
885 3933 968 4032 rupi
987 3931 1200 4006 influmine

363 4074 514 4149 Celanti
534 4074 602 4148 sub
621 4071 752 4172 spumi
770 4097 874 4146 suam
891 4083 1009 4148 atram
1027 4071 1198 4162 formam,

363 4215 454 4315 Ejus
471 4213 580 4289 hastd
597 4216 714 4312 longa
731 4213 851 4288 instar
868 4213 1004 4288 abietis
1021 4237 1248 4313 magnorum
1267 4212 1464 4302 clivorum,

363 4356 459 4442 Quae
478 4357 645 4430 occurrit
661 4356 813 4456 ingenti
831 4367 949 4430 vento
968 4357 1161 4447 coelorum,

305 4529 308 4535 ·
362 4495 455 4595 Ejus
475 4497 612 4595 clypeo
632 4499 745 4596 pleno
763 4497 959 4597 signorum
977 4497 1204 4589 certaminis,

363 4637 414 4711 Et
432 4637 513 4737 ejus
531 4637 646 4712 rubro
665 4640 777 4714 oculo
797 4649 1018 4715 constanter
1035 4639 1117 4714 sine
1135 4637 1354 4715 formidine.

365 4777 435 4852 His
453 4790 494 4852 ct
509 4779 743 4880 principibus
762 4779 845 4854 aliis
864 4779 945 4854 sinc
964 4781 1114 4856 calculo
