4194 6006
369 787 406 839 ν.
433 772 610 848 roa-129.
810 761 1037 838 rnuonn.
1331 871 1336 876 ἡ
1411 772 1484 843 277

369 984 420 1060 Et
436 983 636 1084 reprimam
655 1009 729 1085 ego
748 965 888 1058 flumen
905 1009 1084 1085 magnum
1102 983 1142 1058 in
1161 977 1227 1058 su'a
1244 981 1456 1083 rapiditate.

370 1125 438 1199 Est
456 1151 540 1201 mea
555 1124 663 1199 hasta
678 1126 757 1199 lota
773 1124 812 1198 in
830 1127 1026 1224 sanguine,
1135 1133 1139 1138 '

370 1266 420 1340 Et
438 1292 542 1342 meus
560 1268 716 1367 clypeus
734 1267 834 1341 siout
853 1291 980 1340 murus
997 1265 1148 1340 Turae.’'

423 1413 447 1448 “
460 1407 521 1480 An
537 1420 713 1482 occurret
732 1405 936 1481 Foldathus
955 1407 1054 1480 solus
1070 1407 1282 1482 advenisi''

371 1546 487 1622 Dixit
503 1546 673 1621 Malthus
690 1547 951 1647 palpebrarum
970 1547 1173 1622 fuscatum.

375 1696 400 1729 “
418 1689 556 1762 Nonne
575 1685 664 1762 sunt
681 1687 736 1760 illi
754 1713 858 1785 aeque
876 1689 1065 1762 numerosi
1084 1688 1121 1760 in
1141 1688 1271 1761 littore

370 1831 426 1903 Ac
442 1831 648 1905 collectum
662 1855 800 1929 agmen
814 1853 1029 1928 asperorum
1043 1829 1266 1902 torrentium
1282 1827 1489 1904 clivorum?

370 1971 510 2046 Nonne
528 1971 583 2044 illi
602 1970 673 2072 ipsi
687 1983 775 2045 sunt
789 1969 931 2044 strenui
951 1969 1015 2066 qui
1030 1970 1269 2069 reportarunt
1287 1971 1485 2046 victoriam

371 2113 431 2187 De
448 2114 610 2188 Suarano
627 2113 802 2186 durarum
821 2111 1024 2211 plagarum,

372 2254 536 2340 Quando
554 2254 757 2355 capessivit
771 2253 893 2353 proles
912 2253 1042 2325 Iernes
1058 2250 1217 2350 fugam?
1510 2265 1533 2322 t

369 2393 420 2468 Et
437 2409 614 2470 occurret
631 2392 835 2469 Foldathus
853 2419 980 2468 eorum
999 2393 1121 2493 primo
1137 2392 1270 2470 heroi?

371 2535 407 2610 O
425 2561 492 2610 cor
509 2536 710 2611 obscurum
728 2535 909 2635 superbiae
928 2534 1052 2635 ipsius,

351 2699 354 2706 ·
370 2675 528 2751 Assume
546 2676 647 2752 vires
666 2677 920 2754 centuriarum
939 2676 994 2749 tui
1012 2677 1164 2776 populi3

370 2815 564 2890 Adveniet
582 2817 752 2894 Malthus
771 2817 881 2890 simul
898 2841 984 2890 cum
1003 2817 1174 2906 strenuis,

370 2955 457 3031 Fuit
473 2982 578 3032 meus
597 2957 745 3056 gladius
763 2957 832 3032 sub
850 2955 971 3057 plagis
988 2957 1146 3044 rutilus;

370 3094 422 3169 At
440 3097 526 3194 quis
542 3097 692 3174 audivit
709 3096 875 3205 ferocem
894 3122 1016 3170 meam
1033 3122 1169 3172 vocem
1182 3100 1224 3172 ?'’

424 3241 448 3275 “
462 3235 497 3308 O
511 3236 712 3335 progenies
726 3237 866 3327 lomes,
885 3237 994 3337 cujus
1011 3249 1069 3312 est
1087 3238 1337 3318 viridissimus
1355 3249 1485 3344 ager,”

372 3375 488 3451 Dixit
504 3377 679 3477 princeps
699 3378 847 3452 Clonrae
866 3377 1009 3452 lenium
1024 3378 1201 3474 rivorum,

375 3525 398 3559 “
416 3519 478 3592 Ne
495 3519 625 3594 audiat
641 3519 774 3618 Fingal
792 3531 919 3593 vestra
936 3520 1052 3594 verba
1068 3520 1215 3613 inania3

372 3659 433 3733 Ne
451 3659 501 3734 sit
518 3661 693 3734 solatium
710 3659 882 3735 hostibus
900 3659 1014 3733 lrodie

372 3801 549 3888 Praebens
568 3799 683 3874 robur
701 3826 831 3875 eorum
850 3799 1022 3874 manibus
1044 3801 1210 3876 interra.

372 3940 471 4014 Estis
491 3941 635 4016 strenui
656 3965 724 4014 vos
743 3940 825 4040 ipsi,
847 3966 870 4014 o
888 3965 1016 4014 semen
1033 3942 1263 4041 proeliorum,

371 4081 476 4156 Sicut
499 4080 672 4179 procellae
690 4080 712 4154 ὲ
728 4079 881 4178 fragore
899 4080 1042 4170 oceani,

373 4221 481 4298 sicut
497 4231 742 4322 tempestates
758 4245 841 4317 quae
859 4235 1066 4296 occurrunt
1083 4227 1238 4324 scopulo
1257 4225 1383 4318 arduo,

373 4363 544 4459 Quaeque
562 4362 760 4436 devellunt
775 4363 901 4460 sylvas
919 4365 965 4437 ad
983 4363 1140 4440 humum
1158 4368 1206 4442 de
1225 4370 1446 4470 precipitio.

373 4503 425 4582 At
442 4529 659 4580 moveamus
675 4529 744 4578 nos
763 4515 911 4578 nostras
931 4507 1029 4582 vires
1047 4508 1212 4609 ipsorum

374 4641 506 4734 Lente,
521 4645 799 4721 sicutvalidum
812 4648 1018 4722 collectum
1033 4674 1170 4748 agmen
1182 4651 1352 4726 nubium.
1379 4655 1494 4750 [rum;

376 4783 664 4886 (superveniet)
682 4789 757 4863 erit
770 4788 975 4890 trepidatio
993 4815 1104 4891 super
1117 4790 1260 4866 eximio
1274 4791 1351 4866 filio
1366 4793 1495 4893 plaga-
