4172 5982
837 2426 875 2478 v.
896 2410 1002 2484 1-17.

365 2519 600 2620 Gucunnm
619 2541 780 2618 sedebat
796 2541 844 2618 ad
862 2567 1010 2618 murum
1027 2542 1147 2635 Turn,

361 2681 436 2758 Sub
454 2681 691 2758 obscuritate
707 2681 852 2758 arboris
870 2683 1048 2759 foliorum
1068 2685 1237 2778 sonorin3

360 2823 622 2900 Inclinabatur
640 2823 722 2925 ejus
738 2823 848 2900 hasta
865 2825 907 2899 in
925 2851 1055 2927 rupem
1074 2852 1333 2920 cavernarum,

360 2967 452 3068 Ejus
471 2967 609 3068 clypeo
627 2967 778 3068 ingenti
792 2969 912 3070 juxta
929 2971 1010 3072 ejus
1028 2971 1127 3047 latus
1144 2969 1185 3044 in
1200 2969 1330 3044 herbt.

360 3103 479 3182 Erant
496 3109 756 3208 cogitationes
772 3110 846 3186 viri
864 3112 913 3187 de
932 3111 1108 3204 Carbare,

360 3249 488 3325 Heroe
507 3252 573 3348 qui
594 3252 791 3326 ceciderat
808 3275 876 3353 per
893 3276 979 3326 eum
999 3252 1040 3326 in
1057 3251 1276 3342 certamine,

361 3389 527 3476 Quando
546 3391 656 3466 venit
676 3391 934 3491 (speculator)
954 3391 1285 3492 vir-inspectionis
1302 3391 1447 3484 oceani,

361 3529 489 3606 Velox
508 3543 621 3622 natus¹
637 3530 775 3606 Fithile
793 3531 980 3631 graduum
997 3533 1171 3606 altorum.

413 3679 437 3712 “
454 3671 591 3770 Surgat
610 3671 800 3765 Cucullin,
821 3697 934 3772 surge
952 3673 1034 3748 sine
1052 3675 1169 3764 mort,

358 3814 486 3891 Video
505 3837 579 3914 ego
594 3813 754 3889 classem
771 3825 1012 3891 strenuorum
1028 3814 1051 3890 ὲ
1068 3813 1353 3917 septentrione!

360 3953 491 4056 Ocyis
513 3967 700 4048 te-move,
720 3955 897 4059 princeps
915 3957 1206 4033 conviviorum:

359 4095 429 4173 Est
446 4123 606 4198 magnus
626 4099 821 4189 Suaranus,
844 4111 903 4174 est
919 4123 1139 4174 numerosus
1157 4099 1238 4199 ejus
1256 4095 1416 4200 populus
1431 4100 1470 4173 !’'

410 4240 485 4315 “O
504 4239 683 4331 Moran‚’'
697 4239 801 4315 dixit
818 4239 987 4316 eaeruleis
1005 4239 1127 4315 oculis
1145 4239 1268 4331 heros,

362 4389 385 4423 “
404 4381 523 4456 Fuisti
541 4382 641 4456 iners
659 4381 811 4481 tuipse,
833 4394 874 4457 et
889 4381 1089 4484 trepidtsti
1108 4393 1150 4457 tu
1167 4405 1336 4483 semper;

357 4521 405 4596 In
422 4533 489 4597 tuo
507 4533 612 4597 metu
630 4533 690 4598 est
705 4548 925 4600 numerosus
942 4521 1086 4613 hostis;
1357 4494 1366 4508 ⁸

358 4662 430 4737 Fili
449 4662 609 4754 Fithilis,
631 4674 690 4738 est
706 4663 840 4763 Fingal
859 4663 925 4762 qui
943 4663 1063 4754 adest,

358 4805 530 4880 Summus
546 4806 658 4882 heros
675 4803 869 4883 fuscorum
886 4806 1116 4882 montium.’'
