4194 6006
392 842 430 896 v.
449 828 630 901 aar-355.
832 813 1037 892 FINGAL.

391 1042 484 1116 Tres
503 1040 585 1116 dics
604 1063 668 1114 ero
687 1037 766 1138 ipse
784 1037 823 1112 in
841 1036 1004 1127 Cromla,
1029 1099 1035 1110 .

390 1182 611 1282 Expectans
630 1176 884 1275 Lamdargum
906 1177 1110 1275 plagarum,
1298 1279 1303 1289 ¹

393 1323 529 1398 Donec
546 1320 716 1395 habuero
733 1316 756 1391 a
773 1315 1034 1391 strenuo-viro
1053 1326 1273 1406 certamem

393 1461 440 1534 In
460 1475 595 1560 quarto
613 1459 689 1536 erit
705 1460 917 1537 Galchossa
933 1458 1026 1532 mihi
1045 1458 1129 1558 ipsi,

391 1601 430 1676 Si
448 1600 575 1701 fugiat
590 1602 671 1702 ejus
689 1601 864 1676 dominus
881 1599 904 1674 ὲ
922 1599 1145 1675 conflictu.”

446 1723 606 1833 ‘'Alladss
625 1743 729 1818 dixit
745 1741 924 1842 princeps
942 1738 1114 1829 Cromlae‚
1255 1833 1257 1839 ,

397 1881 505 1956 ‘Pax
523 1882 574 1956 sit
591 1895 659 1956 tuo
677 1882 824 1956 somnio
843 1883 881 1955 in
901 1881 1065 1956 caverna
1078 1877 1502 1954 molium-saxosarum!

393 2022 497 2111 Fera,
520 2021 608 2095 infla
627 2035 670 2094 tu
687 2045 806 2095 cornu
824 2019 1068 2109 certaminis3

392 2161 536 2235 Audiat
552 2161 661 2236 Ullin
679 2161 718 2233 in
737 2161 822 2234 aula
839 2161 879 2234 in
896 2161 1057 2260 regione
1072 2159 1231 2234 adversa

301 2279 305 2288 ¹
392 2301 518 2374 Instar
533 2301 710 2399 procellae
728 2299 936 2375 exorientis
956 2327 976 2376 e
994 2301 1120 2374 valle.'

447 2446 471 2482 “
488 2439 568 2515 Ivit
586 2439 818 2538 Lamdargus
835 2440 875 2514 in
892 2452 1060 2514 montem
1079 2439 1237 2530 aTura3

396 2581 540 2657 Cantus
560 2581 640 2657 sine
659 2580 920 2681 perveniendo
938 2581 985 2656 ad
1004 2581 1118 2657 finem

396 2723 728 2824 Conrprimebatur
745 2735 850 2797 arcte
868 2723 937 2798 sub
955 2723 1091 2823 palato.

394 2865 510 2940 Stetit
527 2865 592 2939 ille
610 2877 741 2938 torvus
759 2863 799 2936 in
817 2863 921 2938 erica

393 3005 451 3082 Ut
467 3005 599 3099 nubes,
620 3031 703 3106 quae
722 3007 845 3082 variat
862 3033 967 3082 suam
984 3007 1156 3100 formam,

392 3145 523 3221 Vento
541 3146 580 3222 in
597 3147 819 3247 praecipitiis
838 3149 1039 3224 montium.

392 3286 551 3388 Dejecit
569 3287 634 3362 ille
651 3313 796 3378 saxum,
817 3277 1137 3390 signum'pugnae,

392 3427 555 3503 Audivit
570 3428 680 3505 Ullin
697 3428 797 3502 filius
817 3427 994 3505 Carberis
1013 3429 1188 3523 sonitum,

393 3570 482 3645 Fuit
498 3571 680 3670 gaudium
699 3571 738 3645 in
756 3569 883 3644 animo
900 3569 1114 3670 praestantis
1132 3573 1215 3662 viri,

392 3709 443 3785 Et
460 3709 664 3810 prehendit
680 3711 830 3788 hastam'
843 3713 959 3813 patris
978 3715 1108 3811 ocylls.

393 3847 485 3923 Erat
501 3851 646 3951 species
665 3851 760 3926 risus
779 3852 819 3927 in
837 3853 937 3954 gena
955 3879 1038 3952 qua
1057 3867 1138 3928 erat
1154 3851 1266 3928 fusca

394 3989 560 4076 Quando
578 3990 761 4092 corripuit
780 3993 942 4068 bellator
958 4019 1066 4068 suum
1086 3993 1269 4094 gladium.

393 4131 634 4208 Audiebatur
651 4131 727 4206 oris
746 4133 939 4227 fistulatio,
962 4147 1007 4210 ut
1025 4132 1251 4236 peragrabat
1268 4133 1477 4228 colliculoa,

394 4269 534 4344 Gladio
552 4283 682 4371 parato
701 4284 741 4345 et
758 4273 862 4346 nudo
881 4273 921 4347 in
939 4276 1022 4377 ejus
1039 4301 1163 4351 manu.

391 4411 507 4487 Visus
526 4426 583 4487 est
600 4437 622 4486 a
638 4412 848 4488 Galchossa
864 4415 1052 4515 princeps,

390 4553 449 4629 Ut
464 4553 695 4630 ascendebat
713 4554 832 4631 clivos
850 4555 968 4630 instar
982 4557 1153 4648 nebulae3

391 4693 587 4770 Percussit
604 4697 706 4771 lente
724 4721 834 4769 suum
852 4663 1010 4771 arduum
1028 4710 1173 4798 pectus,

392 4835 509 4922 Quod
529 4849 611 4911 erat
630 4835 829 4912 candidius
846 4837 936 4912 nive
954 4827 1198 4930 tumulorum,

390 4975 526 5052 Tacita
542 4977 613 5054 sub
631 4977 835 5078 lachrymis
853 4978 958 5054 circa
975 4977 1240 5079 Lamdargum.
