4184 5998
325 773 362 824 v.
385 759 562 837 lot-129,
780 749 1010 828 TEMORA.

326 971 374 1046 In
391 975 473 1046 atrt
490 972 653 1048 caverna
672 973 815 1052 Momae
831 975 928 1050 arcti
946 975 993 1048 ad
1012 997 1053 1048 ae

326 1111 436 1188 luter
452 1137 619 1189 susurros
638 1139 722 1212 quae
740 1115 980 1190 suffocabant
996 1111 1116 1188 verba
1133 1111 1311 1212 ipsorum.

329 1254 460 1354 ‘Sapo
478 1259 664 1348 numero,’
681 1255 866 1332 dixerunt
883 1255 950 1346 illi,
974 1261 985 1298 ‘
1003 1255 1108 1332 circa
1126 1254 1315 1330 tumulum

328 1392 594 1494 Cemebantur
610 1409 760 1497 spectra
780 1397 883 1471 nuda
900 1396 1079 1484 virorum,

327 1532 584 1610 Ostendentia
601 1535 740 1612 formas
758 1537 995 1612 atro-rutilas
1013 1561 1149 1614 curvas

328 1674 363 1749 A
380 1701 471 1775 rupe
487 1677 675 1778 praerupta
692 1677 795 1752 nudb
813 1677 982 1776 aequoris,

329 1815 588 1894 Immitteutes
606 1819 825 1894 memoriam
844 1819 947 1894 cirea
964 1817 1104 1894 famam
1122 1817 1337 1918 Belgarum.

331 1959 489 2050 Quare,’
507 1957 690 2036 dicebant
708 1961 774 2052 illi,
802 1971 811 2004 ‘
830 1973 930 2036 esset
949 1961 1076 2038 Conar
1095 1983 1174 2048 rex,

330 2099 465 2174 Semen
483 2101 716 2176 advenarum
734 2099 982 2176 certaminum
1001 2084 1027 2174 b'
1043 2099 1272 2174 Morveuei'

332 2239 534 2315 Venerunt
551 2241 616 2332 illi,
638 2243 740 2318 sicut
755 2254 944 2317 torrentes
961 2241 984 2314 d
1002 2241 1105 2316 clivo

332 2379 439 2456 lnter
456 2383 658 2483 strepitum
677 2394 833 2458 centum
852 2381 1061 2460 nationum.

334 2522 422 2598 Fuit
440 2524 566 2599 Conar
583 2525 703 2600 instar
720 2527 821 2627 rupis
837 2525 1013 2626 princeps
1027 2552 1037 2614 ;

334 2664 525 2762 [Turbati]
543 2666 655 2765 rupti,
678 2665 752 2740 fusi
771 2679 861 2741 sunt
878 2663 1056 2740 deorsum
1075 2667 1121 2741 ab
1142 2664 1223 2765 ejua
1242 2661 1330 2738 telo.

334 2803 387 2880 At
404 2806 601 2881 redierunt
618 2806 673 2880 illi
692 2829 790 2905 saepe
809 2818 849 2880 et
867 2805 1025 2893 crebrb;

336 2945 503 3036 Cecidit,
525 2973 548 3021 o
566 2947 698 3038 Selma,
720 2957 787 3022 tue
803 2947 926 3048 proles
944 2946 985 3021 in
1002 2945 1159 3046 proelio;
1264 2939 1269 2950 ’

334 3087 466 3162 Stabat
483 3111 552 3162 rex
571 3089 673 3164 inter
690 3087 891 3191 sepulchra
906 3101 1161 3178 strenuorum,

335 3229 429 3332 Ejus
447 3229 558 3304 vultu
575 3229 706 3328 [tristi]
724 3256 813 3306 cum
830 3231 969 3305 damno
988 3229 1118 3304 versus
1134 3241 1296 3303 terram:

338 3371 546 3448 Contraxit
564 3373 646 3474 ejus
663 3371 811 3446 animus
830 3395 869 3446 se
887 3373 1011 3472 ipsum
1030 3371 1100 3446 sub
1118 3368 1377 3460 coercitioue3

336 3512 471 3587 Posuit
489 3513 553 3588 ille
572 3514 682 3613 signa
697 3527 738 3590 et
755 3539 890 3588 saxum
908 3537 1020 3616 super
1037 3513 1150 3609 clivo,

335 3653 415 3730 Ubi
434 3679 586 3730 casurus
605 3669 705 3730 esset
722 3656 898 3756 princeps
919 3679 1008 3730 cum
1025 3653 1139 3746 fama,

337 3795 502 3882 Quando
517 3797 627 3874 venit
643 3798 682 3872 in
702 3823 770 3873 suo
789 3798 924 3872 robore
942 3797 1011 3871 sub
1030 3807 1140 3871 scuto

325 3935 504 4038 'Magnus
520 3939 676 4014 Trathal
694 3937 899 4014 anubibus
918 3935 1126 4027 Morvenis,

337 4077 468 4153 Frater
485 4076 643 4154 Conaris
660 4081 791 4180 magni
807 4079 943 4156 herois.

340 4221 452 4295 Haud
469 4221 579 4296 venit
596 4223 758 4298 bellator
774 4223 907 4322 [solus]
923 4247 1053 4297 secum
1072 4220 1177 4322 ipso;

338 4359 431 4435 Erat
448 4361 591 4462 Colgar
608 4364 689 4438 aine
707 4364 792 4438 labe
805 4365 924 4464 juxta
940 4361 1022 4464 ejus
1039 4362 1148 4452 latus,

339 4500 481 4602 Colgar
498 4504 599 4578 filius
618 4505 719 4604 regis
737 4506 900 4582 telorum

337 4640 388 4717 Et
406 4643 558 4720 feminae
575 4645 767 4722 lentorum
786 4647 961 4723 ciliorum
979 4647 1212 4721 caeruloruur.

387 4785 493 4862 Sicut
510 4789 696 4862 Treumor
713 4787 752 4862 in
770 4787 868 4888 palla
887 4813 937 4863 ex
956 4787 1111 4886 fulgure
