4172 5982
351 805 388 857 v.
405 781 591 867 579-606.
684 761 686 768 “
807 777 1015 854 HNGAL.
1426 785 1477 860 rr

348 1001 460 1077 Mille
477 1027 595 1077 naves
614 1026 727 1101 super
743 1000 865 1076 undas
881 1001 930 1076 ab
947 1000 1096 1075 oriente

346 1142 407 1218 Ad
425 1142 596 1218 Ullinam
614 1143 914 1218 carulo-canum
931 1144 1131 1217 fluctuum.

346 1285 522 1361 Surrexit
538 1285 665 1386 proles
683 1282 851 1359 Inisfalae

345 1427 392 1502 In
410 1453 611 1504 occursum
629 1427 798 1500 virorum
816 1423 838 1498 d
854 1425 1130 1526 septentrione.

345 1567 434 1644 Fuit
454 1569 608 1660 Carher,
631 1592 740 1668 asper
755 1565 880 1656 heros,
902 1565 993 1658 illic,

343 1708 396 1784 Et
414 1707 576 1802 Crimor‚
598 1709 664 1807 qui
682 1708 760 1784 fuit
776 1706 1057 1808 pulcherrimus
1073 1707 1114 1782 in
1132 1710 1323 1784 exercitu.

344 1849 588 1926 Restiterunt
605 1849 660 1924 illi
680 1849 786 1924 circa
801 1861 954 1924 taurum
973 1847 1038 1946 qui
1057 1861 1138 1924 erat
1157 1849 1355 1944 candidus,

344 1991 424 2078 Qui
442 1990 671 2068 cernebatur
687 1990 729 2064 in
745 2002 877 2066 monte
896 1989 1076 2066 Golbune
1095 1991 1216 2068 hocce
1234 2019 1356 2095 supra,

342 2131 534 2208 Exhibuit
552 2133 713 2233 quisque
731 2133 789 2208 vir
802 2133 867 2233 jus
886 2133 989 2231 quod
1008 2145 1091 2208 erat
1108 2135 1256 2226 melius,

343 2273 585 2350 Procedebat
600 2301 701 2350 mors
718 2276 766 2350 ab
785 2275 1076 2375 eorumgladiis
1094 2275 1213 2353 duris.

392 2415 507 2491 Ibant
523 2416 641 2492 latere
658 2417 706 2491 ad
725 2417 825 2492 latus
844 2417 884 2491 in
902 2415 1155 2518 procinctum,

342 2558 393 2632 Et
410 2572 607 2634 cesserunt
623 2560 782 2635 advenae
800 2557 997 2634 oceaniin
1016 2581 1152 2658 campo
1174 2555 1364 2658 (proelio).

343 2699 511 2786 Quinam
530 2711 640 2776 erant
656 2699 858 2775 amiciores
872 2725 986 2799 quam
1002 2699 1077 2775 viri
1091 2701 1157 2800 qui
1176 2710 1289 2777 erant
1304 2701 1464 2794 strenui,

343 2840 495 2918 Crimor
512 2853 552 2917 et
571 2841 715 2918 Carber
732 2841 799 2939 qui
817 2854 899 2916 erat
918 2841 1113 2916 eximius?

288 2979 291 2988 ’
340 2983 454 3060 Foret
468 2984 604 3059 melius
622 2985 749 3059 sinon
767 2982 940 3058 auditum
959 2993 1061 3060 esset
1077 2982 1127 3060 de
1144 2991 1254 3058 tauro
1273 3007 1441 3083 unquam

340 3127 389 3201 In
406 3127 587 3202 Golbune
605 3125 788 3201 subfusco
807 3125 930 3200 ericae.

341 3268 535 3342 Viderunt
552 3267 608 3342 illi
626 3291 713 3342 eum
731 3267 772 3341 in
790 3267 907 3357 clivo,

340 3407 391 3484 Et
407 3419 592 3484 renovata
609 3419 668 3483 est
685 3407 894 3508 gravis-ira
911 3404 1072 3480 fortium
1085 3407 1286 3508 juvenum.
1345 3485 1349 3496 ,

388 3551 667 3626 Percusserunt
685 3549 741 3624 illi
759 3550 807 3624 ad
826 3547 1017 3624 Lubarem
1035 3571 1076 3621 se
1092 3559 1238 3640 mutuo,

314 3787 317 3794 Ι
341 3691 498 3767 Cecidit
516 3690 665 3766 Crimor
681 3673 794 3792 super
811 3688 932 3766 herbd
954 3691 994 3764 in
1013 3713 1083 3766 suo
1101 3691 1299 3792 sanguine.

338 3833 460 3908 Venit
479 3832 625 3908 Carber
642 3831 690 3906 ad
710 3831 948 3910 domicilium
966 3831 1125 3932 hospitii

339 3975 400 4050 Ad
420 3958 687 4066 B'rassollisam,
710 3973 819 4074 cujus
839 3973 979 4050 blanda
996 3985 1079 4048 erat
1096 3999 1187 4068 vox,
1283 4045 1285 4055 .

340 4117 514 4192 Sororem
531 4127 778 4217 praestantem
795 4115 924 4190 herois
944 4115 1075 4217 ipsius.

341 4258 403 4335 De
422 4257 596 4334 Crimore
615 4269 698 4332 erat
716 4256 846 4331 cantio
865 4256 1040 4356 virginis,

339 4399 435 4476 Viro
448 4401 606 4500 juvene,
629 4399 691 4475 cui
710 4397 787 4474 fuit
806 4397 888 4498 ejus
907 4423 1067 4474 arcanus
1083 4423 1200 4475 amor.

340 4541 396 4616 Ea
413 4553 472 4616 est
488 4540 739 4640 lachrymosa,
761 4565 807 4616 eo
825 4543 867 4616 in
885 4544 1095 4622 certamine
1113 4545 1367 4637 exercituum,

340 4681 560 4783 Expectans
579 4683 660 4784 ejus
677 4683 843 4759 reditum
862 4687 909 4762 ab
928 4685 1035 4779 acie3

338 4823 390 4902 Et
408 4825 582 4902 cernitur
598 4851 621 4900 a
637 4826 737 4927 palla
756 4825 926 4926 eleganti
