4184 5998
438 669 476 722 v.
498 647 682 733 roo-sss.
787 601 791 606 ’
856 642 1087 724 annosa

438 865 529 968 Ejus
546 827 649 944 nova
666 827 1146 967 mutationem-purgante
1161 865 1184 940 ὲ
1202 890 1287 940 rore

435 1007 526 1105 Sine·
542 1008 734 1108 opacitate
754 1019 921 1082 exeunte
940 1033 990 1082 ex
1007 1031 1182 1106 aequore3

435 1149 621 1224 Movetur
639 1149 720 1250 ejus
738 1151 812 1224 iter
830 1149 991 1224 tacitum
1009 1173 1157 1222 sursum

433 1289 521 1364 Sine
540 1292 642 1365 nube
661 1291 882 1366 occultante
899 1289 969 1363 sub
986 1287 1170 1362 torvitate
1188 1286 1269 1388 ejus
1288 1285 1489 1364 flammam.

434 1431 576 1506 Gladio
593 1430 775 1507 Arthonis
793 1429 833 1504 in
850 1455 964 1504 manu
982 1427 1095 1529 regis,

431 1571 482 1646 Et
500 1573 567 1646 illo
585 1598 671 1646 eum
689 1572 918 1647 extrahente
937 1595 1024 1645 cum
1043 1571 1243 1645 conamine
1254 1569 1497 1672 juventutis3

432 1713 565 1786 Ternis
583 1712 733 1788 vicibus
751 1715 875 1788 traxit
892 1712 956 1786 ille
975 1735 1063 1786 curn
1083 1711 1134 1800 vi,

430 1853 565 1927 Temis
583 1853 734 1928 vicibus
752 1853 890 1928 mansit
907 1853 977 1928 sub
996 1851 1135 1949 vagind
1154 1850 1284 1926 telum.

432 1993 588 2094 Capillis
607 1991 725 2068 fuscis
744 1993 845 2068 circa
862 1992 1038 2067 humeros
1061 1989 1184 2091 cupri,

429 2133 585 2210 Exarsit
603 2135 671 2208 lux
690 2134 729 2208 in
747 2134 856 2234 genis
868 2133 1119 2234 juvenilibus.

428 2275 518 2349 Fuit
535 2275 644 2350 dolor
660 2273 754 2349 mihi
774 2273 845 2374 ipsi
862 2287 1018 2374 propter
1036 2299 1282 2350 coruscamen
1305 2301 1450 2375 purum,

431 2416 547 2502 Quod
564 2427 646 2490 erat
663 2440 837 2491 casurum
855 2415 926 2490 sub
944 2393 1129 2490 maculam
1148 2429 1224 2490 tarn
1244 2415 1335 2492 citd.

480 2555 595 2630 Dixit
612 2555 921 2631 adolescentulus
940 2579 1027 2629 cum
1046 2557 1158 2631 vultu
1175 2556 1408 2650 subridente,

433 2697 516 2772 ‘An
533 2697 634 2771 vidit
651 2695 792 2770 Althan
811 2695 949 2769 bardus
967 2699 1191 2772 strenuum?
1430 2703 1550 2796 [mus;

429 2839 497 2912 Est
516 2837 643 2938 gravis
662 2837 811 2938 gladius
830 2836 931 2935 regis
946 2837 1085 2928 Iemes,
1103 2839 1169 2935 qui
1189 2853 1269 2914 erat
1285 2842 1551 2939 praestantissi·

428 2979 516 3053 Fuit
533 2979 614 3078 ejus
632 2979 795 3054 lacertus
814 2977 1019 3054 admodum
1038 2979 1186 3054 validus
1204 2979 1252 3054 ad
1271 2983 1402 3058 ictum.

427 3119 497 3194 Est
513 3117 692 3194 miserum
711 3143 789 3192 non
808 3143 889 3194 esse
907 3119 1069 3194 similem
1087 3145 1148 3196 me
1166 3120 1206 3196 in
1225 3123 1435 3198 certamine

428 3259 522 3334 Meo
539 3259 636 3359 patri
656 3259 801 3334 eximio
818 3260 889 3334 sub
908 3259 1209 3336 exsuscitatione
1227 3263 1308 3363 ejus
1326 3264 1415 3354 irae;

427 3401 683 3488 Qccurrerem
702 3401 742 3474 in
760 3401 966 3476 luctamine
983 3399 1142 3476 heroum

428 3540 542 3615 Hosti
561 3566 702 3640 magno
721 3540 932 3616 Cucullinis
951 3543 1077 3643 ipsius,

428 3681 598 3756 Cantelae
616 3683 832 3783 ingentium
851 3709 1040 3762 curruum.

425 3825 478 3900 At
495 3797 653 3898 forsitan
672 3824 930 3924 properabunt
947 3825 1036 3900 anni
1054 3853 1211 3919 sursum,

295 3963 297 3970 ’
423 3963 567 4038 Althan
587 3965 805 4055 carminum,
827 3965 965 4062 quibus
981 3967 1057 4040 erit
1074 3992 1206 4043 manus
1223 3968 1304 4044 haec

424 4105 564 4180 Valida
578 4105 618 4180 in
634 4107 840 4181 certamine
858 4119 1109 4184 strenuorum.

424 4245 484 4318 An
501 4244 681 4318 audivisti
699 4245 747 4319 ue
766 4245 844 4320 nro
862 4227 960 4322 semi
978 4251 1260 4342 munificentia,

423 4383 701 4460 Duce-itineris
720 4386 844 4462 arduae
861 4389 1060 4466 Temorae?

423 4525 492 4598 Est
509 4524 686 4599 miserum
705 4550 781 4599 non
799 4528 930 4604 adesse
948 4555 1034 4605 eum
1053 4531 1129 4607 huc
1148 4555 1234 4607 cum
1253 4531 1320 4605 sua
1337 4532 1458 4630 gloria

423 4665 472 4739 Et
490 4665 555 4738 sud
572 4668 821 4766 promissione
839 4667 877 4742 in
896 4666 970 4744 hoc
988 4683 1159 4770 tempore
1175 4671 1269 4748 mihi
1287 4672 1368 4772 ipsi.

475 4831 573 4884 rou.
599 4833 648 4884 11.
974 4835 1001 4882 x
