4184 5998
376 833 415 886 r.
434 753 619 898 l9l-521.
818 755 1049 887 rumoso

371 1033 469 1122 Qun
486 1033 559 1110 nni
579 1033 712 1112 canui
726 1001 910 1136 temporis
927 1033 1040 1134 quos·
1050 1032 1235 1133 procesit

368 1175 404 1251 A
421 1201 585 1252 caverna
599 1175 709 1250 Turre
727 1175 942 1275 ingentium
960 1172 1129 1250 heroum.

370 1313 498 1391 Cerno
518 1341 592 1415 ego
611 1341 813 1392 cavernam
831 1318 1031 1393 obscuram
1049 1318 1089 1394 in
1104 1327 1200 1418 'rupe

370 1455 452 1532 Prae
469 1456 609 1530 nebula
628 1483 712 1557 quae
730 1456 910 1532 retrahit
927 1458 975 1534 ad
995 1469 1175 1538 montem.

369 1597 543 1672 Forsitan
561 1611 619 1674 est
637 1599 774 1674 arduus
794 1599 970 1701 princeps

371 1739 552 1818 Cucullin
570 1767 682 1843 super
698 1741 766 1816 alis
784 1751 998 1833 veutomm,

370 1883 449 1970 Qui
467 1885 630 1960 flectunt
646 1883 798 1958 arbores
816 1883 863 1958 ad
879 1883 964 1984 ejus
982 1883 1092 1958 latus.

369 2023 439 2100 Est
447 2024 623 2126 jucunda
640 2023 768 2100 cantio
786 2023 826 2098 in
843 2023 1228 2126 matutino-tempore
1245 2026 1461 2126 tranquillo,
1521 2071 1525 2080 ·

369 2165 406 2242 Ο
424 2166 539 2242 barde
556 2165 687 2241 Iernes
705 2189 852 2266 magna·
869 2165 994 2240 famae.

417 2308 514 2382 Sunt
530 2309 668 2382 fluctus
686 2305 971 2407 ste-frangentes
991 2317 1031 2382 et
1045 2307 1230 2386 abeuntes

369 2447 498 2523 Densa
514 2448 584 2523 sub
603 2447 761 2548 ingente
779 2461 885 2524 metu
904 2449 1080 2550 ipsorum,

370 2590 452 2666 Illis
470 2589 715 2666 audientibus
733 2602 773 2666 te
791 2592 977 2674 orientem
995 2615 1083 2669 eum
1100 2593 1228 2671 sonitu

369 2733 403 2810 E
421 2733 616 2810 domicilio
633 2733 832 2824 undarum,
853 2758 877 2809 o
895 2735 964 2810 sol.

369 2874 567 2952 Terribilis
586 2899 625 2950 es
644 2887 686 2952 tu
703 2877 743 2951 in
760 2887 828 2952 tua
844 2887 926 2952 tota
943 2875 1181 2968 strenuitate,

371 3018 442 3094 Fili
461 3019 654 3110 coelorum,
678 3019 830 3117 quando
848 3027 1028 3094 movetur
1042 3043 1146 3094 mors

371 3159 418 3234 In
436 3157 510 3234 tuis
525 3157 672 3260 capillis
685 3160 817 3261 plenis,
836 3183 997 3259 quorum
1012 3173 1071 3236 est
1087 3159 1284 3262 purissima
1298 3171 1488 3254 venustas,

372 3301 539 3390 Quando
556 3303 676 3376 mittis
694 3313 738 3376 tu
755 3313 839 3378 tuas
857 3303 976 3378 nubes
995 3313 1233 3404 portentosas

369 3441 430 3520 Ad
450 3441 733 3518 arefaciendum
750 3465 908 3542 magnos
924 3443 1097 3546 populos.

371 3585 424 3660 At
441 3595 500 3658 est
511 3583 685 3686 jucunda
701 3593 769 3658 tua
789 3585 1002 3660 coruscatio
1020 3585 1195 3662 venatori

323 3809 330 3828 ⁸
372 3725 529 3802 Sedenti
546 3726 617 3838 sub
636 3725 796 3824 ingente
814 3725 942 3801 sonitu
959 3727 1223 3828 procellarum,

373 3866 538 3954 Quando
556 3865 720 3968 despicis
739 3892 760 3942 e
778 3867 995 3969 diruptione
1012 3870 1171 3945 nubium

373 4009 596 4084 Illuminanr
615 4009 696 4109 ejus
714 4009 870 4110 capillos
888 4009 958 4084 sub
976 4009 1109 4102 imbre,

372 4151 461 4254 Ipso
479 4150 735 4253 prospiciente
754 4129 930 4226 deorsum
948 4177 1060 4253 super
1077 4153 1227 4244 vallem,

373 4297 510 4395 Surper
528 4317 658 4368 cursus
678 4291 886 4368 rivulorum
903 4292 985 4369 sine
1003 4293 1227 4388 tetricitate,

374 4434 539 4523 Quando
557 4435 795 4510 descendant
812 4433 904 4510 rufae
925 4436 1111 4536 (caprea)
1133 4434 1318 4514 lsaxeto.

374 4577 569 4664 Quamdiu
587 4601 718 4674 surges
736 4589 780 4650 tu
798 4575 838 4651 in
856 4589 1060 4670 certamen,

373 4719 480 4796 Sicut
496 4741 656 4818 magnus
674 4718 842 4818 clypeus,
860 4721 993 4815 plenus
1011 4685 1206 4819 sanguinis
1224 4721 1265 4795 in
1283 4723 1416 4798 coelrsl

374 4859 503 4937 Cerno
522 4883 596 4960 ego
613 4869 775 4933 mortem
794 4859 1046 4960 propinquam
1063 4859 1280 4961 principum
