4184 5998
405 813 441 860 ν.
460 791 643 868 llo-lar.
840 785 1070 862 TEMORA.
1456 791 1529 870 ³57

407 1010 493 1086 Illic
511 1009 614 1086 foret
632 1020 827 1085 certamen
843 1035 1015 1110 asperum
1271 1017 1278 1032 '
1436 1015 1524 1110 [tur,

403 1154 528 1227 Instar
542 1163 778 1252 spectrorum
790 1149 1028 1248 (hominum)
1042 1160 1277 1224 mortuorum
1290 1175 1373 1249 quae
1385 1153 1534 1228 luctan-

403 1293 719 1370 curvantium-se
736 1319 758 1368 a
778 1292 957 1385 nubibus,
978 1317 1062 1392 quae
1080 1292 1235 1383 abeunt,
1365 1296 1524 1392 [sarum;

404 1435 455 1510 Et
473 1417 754 1512 effundentium
774 1447 934 1510 ventum
958 1459 1070 1535 super
1095 1433 1216 1510 aciem
1232 1433 1527 1512 molium-saxo·

404 1577 456 1654 Ni
475 1577 718 1680 conspicatus
737 1589 838 1653 esset
855 1575 1036 1652 Ossianus
1053 1573 1254 1650 sublimem
1277 1571 1388 1676 supra

405 1719 547 1794 Duram
565 1717 747 1818 [galeam]
763 1712 1138 1815 capitis-machinam
1157 1715 1455 1814 regumlernes,

404 1860 512 1936 Alam
530 1859 666 1959 aquilae
685 1863 990 1960 sespar‘gentem
1009 1856 1052 1930 in
1067 1855 1281 1950 circuitum,

404 2003 511 2078 I'nter
529 2001 780 2078 luctationem
802 1997 1028 2100 frigidorum
1048 2011 1276 2077 ventorum:

404 2143 511 2219 Inter
529 2143 605 2217 alas
625 2155 705 2216 erat
723 2142 834 2217 stella
851 2167 1066 2220 coruscans.

404 2285 579 2387 Repressi
597 2309 671 2384 ego
689 2283 728 2358 in
746 2293 863 2360 nocte
880 2309 1003 2358 meam
1020 2283 1179 2364 hastam.

443 2433 480 2506 ,“
496 2425 566 2501 Est
583 2423 923 2527 capitis-tegumen
941 2450 1075 2526 regum
1092 2453 1154 2502 me
1172 2451 1300 2504 coram
1315 2433 1324 2504 l

404 2568 501 2658 Quis
519 2581 573 2660 tu,
596 2567 648 2640 lili
668 2559 913 2641 obscuritatis
933 2569 1143 2642 ooelorum?

400 2711 461 2786 An
479 2709 553 2785 erit
570 2707 673 2783 fama
686 2707 803 2781 hastae
822 2705 983 2797 ossiani,
1004 2707 1064 2781 vir
1082 2733 1231 2808 magne,

402 2848 566 2938 Quando
585 2846 698 2922 cadet
716 2846 756 2921 in
774 2844 982 2923 certamine
999 2851 1229 2926 strenuus?”

399 2993 533 3068 Statim
551 2987 763 3067 declinavit
781 2987 844 3062 ille
861 2985 1007 3062 hastam
1025 2987 1049 3063 a
1065 2990 1208 3091 capite,

400 3135 468 3209 Me
486 3130 685 3210 adversum
704 3141 902 3205 crescente
921 3129 1216 3232 formamagna„

397 3275 583 3353 Tetendit
601 3275 665 3350 ille
683 3273 723 3350 in
740 3283 855 3348 nocte
874 3297 975 3348 suam
994 3297 1155 3350 manum

397 3416 657 3493 Pronuncians
675 3415 793 3492 verba
810 3415 955 3492 eximia
970 3441 1120 3517 regum.

451 3565 476 3600 “
492 3558 528 3633 Ο
545 3557 666 3633 amice
684 3571 919 3659 specttorum
938 3559 1106 3636 inanium
1123 3561 1369 3654 bellatorum.

396 3701 456 3798 Au
475 3698 724 3775 convenimus
742 3699 787 3776 in
800 3701 1036 3777 obscuritate
1050 3727 1120 3777 nos
1139 3703 1238 3804 ipsi?

396 3843 524 3930 Quare
542 3867 620 3918 non
635 3843 741 3918 visus
759 3853 817 3916 est
837 3853 923 3918 tuus
941 3865 1080 3942 passus,
1101 3843 1508 3936 lectissime-bellator,

395 3984 440 4058 In
459 3985 593 4059 diebus
611 3983 753 4060 laetitiae
770 3983 881 4060 Athae
900 3983 1154 4060 chordarum?

394 4123 521 4210 Quare
541 4123 697 4200 tollatur
714 4124 753 4198 in
772 4138 810 4199 te
828 4122 962 4201 hasta?
1098 4145 1102 4152 ’

310 4361 314 4370 .
395 4263 539 4340 Cernet
556 4267 612 4341 sol
630 4292 698 4340 nos
716 4292 828 4368 super
844 4267 1003 4369 planitie
1020 4271 1059 4346 in
1077 4272 1297 4364 certamine,

394 4405 560 4492 Quando
578 4407 760 4491 redibunt
776 4409 824 4484 ad
843 4409 1020 4486 damnum
1039 4414 1116 4488 duo
1130 4438 1239 4515 reges

392 4545 599 4644 Fulgentes
618 4546 657 4620 in
675 4549 884 4624 luctamine
900 4554 1094 4652 [superbo]
1112 4556 1311 4655 superbia.

393 4684 564 4763 Cernent
584 4689 785 4766 bellatores
805 4704 892 4794 post
909 4719 978 4767 nos
997 4694 1127 4768 locum
1249 4731 1258 4747 ·

392 4827 440 4903 ln
453 4853 593 4928 magno
611 4841 717 4908 metu
733 4831 835 4906 circa
853 4843 1003 4934 tempus
1019 4837 1250 4938 [antiquum]
1262 4839 1310 4914 ab
1327 4838 1510 4938 antiquo;
