4224 5996
403 775 441 828 v.
459 759 641 838 491-514.
842 751 1047 827 FINGAL.
1450 763 1518 838 139

398 973 475 1046 Sub
493 971 642 1072 flamine
660 937 780 1046 curvo
798 970 973 1071 caliginis
990 970 1062 1047 hac
1081 984 1205 1048 nocte.

398 1111 435 1186 Si
454 1123 565 1200 estu,
585 1111 826 1210 Agandecca,

397 1252 445 1326 ln
463 1253 564 1328 clivo
583 1253 622 1326 in
639 1252 766 1326 medio
784 1253 841 1328 tui
860 1252 1011 1353 populi3

399 1395 514 1470 Sedes
532 1407 586 1486 tu,
607 1394 819 1469 secundum
836 1417 961 1467 meum
979 1391 1115 1483 visum,

396 1535 514 1635 Super
532 1545 650 1608 vento
668 1534 772 1610 circa
787 1532 1103 1608 malos-arboreos
1121 1532 1317 1609 undarum.

395 1674 496 1750 Veni
513 1687 557 1750 tu
573 1674 621 1750 ad
639 1698 723 1748 mea
739 1673 893 1764 somnia,
915 1697 1047 1748 manus
1066 1671 1250 1762 candida;

394 1817 450 1892 Sis
464 1842 556 1890 nans
571 1839 683 1916 super
696 1839 822 1888 meum
836 1813 1014 1904 animum,
1028 1838 1089 1888 me
1105 1813 1295 1890 existente
1310 1815 1350 1890 in
1361 1821 1532 1917 sopore.”

394 1955 560 2031 Plurima
577 1955 654 2030 fuit
670 1981 750 2030 vox
769 1965 809 2028 et
827 1953 971 2028 cithara
988 1953 1152 2054 elegans,

395 2095 491 2182 Quae
509 2097 691 2194 surgebat
708 2119 852 2170 sursum
873 2095 913 2168 in
931 2095 1139 2172 certamine
1157 2108 1347 2188 cantuum,

393 2236 444 2313 Et
461 2237 669 2312 carminum
687 2234 736 2309 de
754 2233 1133 2310 arduis-facinoribus
1151 2237 1264 2336 regis,

394 2375 444 2452 Et
462 2377 510 2451 de
528 2375 711 2476 progenie
729 2372 837 2449 ducis
855 2373 1026 2450 heroum.

393 2518 592 2593 Interdum
611 2514 835 2590 audiebatur
852 2515 892 2588 in
909 2513 1049 2589 blando
1064 2538 1158 2589 sono

392 2659 545 2735 Nomen
563 2659 712 2735 Ossiani
731 2669 772 2734 et
788 2657 869 2758 ejus
886 2657 966 2730 laus
985 2655 1026 2729 in
1043 2681 1196 2756 campo:

440 2801 543 2900 Saepe
561 2800 730 2901 percussi
748 2797 935 2896 (hostem)
953 2809 993 2873 ct
1009 2798 1203 2898 reportavi
1218 2823 1292 2898 ego
1307 2798 1505 2875 victoriam

392 2942 437 3016 In
455 2940 640 3016 conflictu
657 2951 697 3015 et
713 2939 807 3040 fuga
825 2963 912 3016 cum
930 2937 1050 3014 hasta.
1181 2979 1182 2983 ¹

389 3082 441 3156 At
458 3080 550 3156 mihi
569 3106 686 3172 coeco,
708 3081 928 3180 lacrymoso,
951 3091 991 3155 et
1008 3080 1128 3156 debili

391 3219 459 3296 Est
476 3247 577 3296 nunc
597 3223 670 3295 iter
688 3246 776 3296 cum
793 3219 1009 3295 hominibus
1028 3219 1109 3296 sinc
1128 3219 1273 3320 vigore.
1367 3269 1372 3284 ·

390 3361 535 3460 Magne
553 3359 696 3460 Fingar,
716 3359 818 3435 haud
837 3383 990 3436 cernam
1010 3385 1084 3458 ego
1102 3375 1141 3436 te
1159 3360 1200 3434 in
1216 3371 1408 3452 aetemum,

388 3501 444 3576 Te
462 3502 584 3602 ipsum
601 3512 666 3576 aut
683 3513 768 3576 tuos
785 3499 929 3592 heroas,
950 3525 973 3574 o
992 3525 1084 3593 rex;

390 3641 458 3716 Est
477 3665 613 3741 caprea
629 3666 786 3742 carpens
801 3639 938 3718 herbas
957 3642 997 3716 in
1015 3655 1083 3716 tuo
1101 3643 1260 3735 tumulo,

389 3783 474 3858 Rex
493 3781 702 3873 Morvcnis,
724 3781 832 3882 cujus
851 3795 910 3856 est
927 3779 1175 3856 viridissimus
1193 3781 1371 3872 tumulus,

387 3924 443 3998 Sit
461 3941 547 3998 tuus
565 3921 709 3996 animus
726 3921 767 3995 iu
783 3921 918 3996 laetitis
934 3923 982 3996 ad
1000 3934 1104 3998 tuam
1119 3922 1281 4015 laudem,

387 4063 481 4137 Dux
501 4063 746 4139 victoriarum
764 4074 804 4138 et
820 4061 980 4138 heroum

386 4203 433 4278 In
451 4203 558 4282 Cone
575 4204 872 4307 praecipitiorum
890 4206 1061 4282 altorum.
