4172 5982
358 843 394 891 v.
415 823 601 904 409-437.
814 813 1023 890 FlNGAL.

356 1038 448 1114 Este
466 1038 569 1114 sicut
585 1062 696 1139 rupes
713 1038 754 1114 in
770 1038 869 1139 pede
890 1035 1219 1138 (propinquitate)

355 1179 403 1254 In
420 1181 521 1255 terra
538 1205 729 1256 ramorum
747 1205 864 1281 penes
883 1204 956 1270 me,

358 1321 456 1408 Quae
475 1323 603 1397 elevat
619 1322 727 1422 pinos
746 1321 786 1396 in
803 1323 923 1422 altum

355 1463 403 1538 In
421 1461 606 1540 conflictu
624 1461 806 1537 adversus
825 1471 1074 1561 tempestates
1092 1462 1316 1537 coelorum.”
1414 1517 1420 1530 .

404 1604 531 1679 Instar
548 1601 710 1702 fragoris
728 1603 900 1678 autumni
919 1603 940 1677 ὲ
958 1603 1107 1678 duobus
1126 1600 1330 1696 montibus,

352 1743 414 1819 Ad
433 1754 628 1819 se·mutuo
648 1741 907 1843 rapiebant-se
924 1739 1089 1830 heroes·;

352 1883 411 1962 Ut
428 1883 584 1959 flumina
601 1883 810 1958 violentae
829 1881 982 1958 duobus
1000 1881 1106 1956 saxis

353 2025 586 2100 Inclinantia
603 2037 644 2098 et
660 2022 926 2098 fundentia-se
944 2023 983 2098 in
1001 2023 1214 2123 planitiem,

353 2167 549 2258 Sonantes,
570 2164 713 2255 luridae,
736 2176 777 2237 ct
793 2187 932 2263 asperae
951 2163 990 2237 in
1008 2164 1139 2263 praelio

353 2308 433 2383 Sibi
452 2317 703 2382 occurrerunt
719 2303 892 2380 Inisfalla
910 2315 950 2379 et
969 2304 1143 2380 Lochlin.

354 2449 467 2524 Duce
484 2449 655 2524 fissiones
674 2448 888 2526 alternante
908 2459 1044 2521 contra
1060 2448 1215 2542 ducem,

352 2588 404 2663 Et
421 2589 504 2663 viro
522 2603 659 2664 contra
675 2613 717 2663 os
736 2589 922 2689 cujusque
942 2588 1038 2662 viris

351 2729 443 2806 Erat
460 2731 556 2805 dura
572 2729 732 2830 chalybs
752 2729 918 2805 stridens
937 2741 1073 2805 contra
1090 2731 1224 2807 duram
1243 2730 1460 2832 chalybem,

353 2869 485 2946 Galeae
505 2872 666 2973 superne
685 2870 1012 2962 discindebantur,

352 3011 512 3111 Sanguis
529 3010 766 3088 fundebatur
783 3013 965 3112 frequens
982 3012 1166 3112 undique,

350 3152 474 3228 Nervi
491 3155 720 3229 resonabant
737 3153 778 3226 in
795 3154 882 3228 laevi
900 3165 1005 3247 tax0,

350 3295 507 3394 Sagitta
524 3295 687 3370 ruebant
703 3319 773 3394 per
790 3319 888 3383 aera,

351 3433 481 3512 Has'tae
497 3435 768 3538 percutiebant
785 3444 826 3507 et
843 3432 1035 3510 cadebant
1053 3459 1103 3510 ex
1122 3434 1293 3510 adverso.

400 3579 508 3653 Sicut
524 3577 680 3677 fulgura
696 3577 822 3652 noctis
840 3577 880 3651 in
897 3588 1041 3668 monte,

349 3719 407 3798 Ut
423 3719 554 3820 fragor
571 3717 849 3794 fremebundus
868 3719 1017 3809 oceani,

351 3860 449 3937 Cum
466 3873 672 3936 moventur
688 3861 829 3935 fluctus
849 3859 889 3934 in
905 3858 1035 3955 altum,

350 4000 408 4079 Ut
423 4003 568 4076 tonitru
585 4002 625 4074 in
643 4000 755 4076 dorso
774 3999 1081 4100 praecipitiorum,

351 4145 439 4220 Fuit
456 4145 619 4220 torvitas
638 4156 679 4219 ct
694 4141 875 4240 strepitus
894 4141 1029 4240 proelii.

350 4285 434 4362 Etsi
452 4297 580 4360 essent
597 4298 753 4359 centum
772 4280 880 4356 bardi
899 4279 1076 4356 Cormaci
1095 4281 1187 4372 illic,‘

348 4428 401 4503 Et
419 4453 549 4504 eorum
569 4451 723 4503 carmen
742 4424 951 4498 extolleret
968 4422 1152 4522 proelium,

350 4569 441 4644 Non
458 4579 615 4669 possent
633 4591 854 4642 enumerare
872 4565 946 4642 nisi
964 4589 1067 4664 aegre

350 4710 544 4810 Quodque
562 4735 699 4809 corpus
718 4709 798 4783 sinc
816 4707 954 4809 capite,
975 4719 1092 4804 atque
1109 4716 1282 4780 mortem.

346 4853 440 4928 Erat
456 4853 660 4954 multiplex
677 4877 777 4926 mors
796 4851 965 4926 virorum
983 4860 1023 4922 et
1039 4846 1209 4939 heroum,

347 4995 492 5075 Eorum
509 4992 695 5092 sanguine
713 4993 884 5093 disperso
901 5013 970 5091 per
987 4990 1143 5066 clivum.
