4184 5998
365 799 403 852 v.
421 777 610 854 soson.
731 749 737 756 '
809 775 1040 850 rnuonn.

365 998 417 1072 Et
433 995 542 1073 hasti
559 998 676 1096 longe
696 995 842 1072 vibrata
860 997 941 1097 ejus
959 997 997 1070 in
1016 999 1156 1071 manu’

420 1141 553 1214 ‘Voea
572 1164 658 1213 eum
675 1139 722 1213 ad
741 1141 894 1240 epulum
911 1141 1109 1228 Temorae‚’

367 1279 485 1356 Dixit
496 1279 652 1378 juvenis
672 1307 740 1356 rex
759 1305 986 1380 repurgans
1003 1279 1043 1354 in
1061 1281 1210 1369 lueem3

371 1429 382 1465 ‘
401 1423 510 1496 Voca
529 1445 615 1494 eum
631 1421 680 1494 ad
699 1422 821 1494 aulam
838 1445 1063 1520 magnorum
1081 1419 1306 1520 principum,

369 1566 472 1640 Nate
490 1563 664 1638 Gellama
680 1561 892 1638 facinorum
912 1574 953 1637 et
969 1559 1200 1638 carminum:

368 1705 438 1782 Est
455 1705 519 1781 ille
538 1705 700 1779 bellator
715 1703 763 1777 ab
780 1703 882 1778 utha
900 1701 964 1802 qui
981 1702 1100 1794 adest,

368 1845 540 1920 Veniens
557 1844 633 1920 huc
651 1845 721 1919 sub
740 1843 874 1943 gloria.

371 1987 553 2088 (Centies
569 1986 674 2082 vale)
696 1999 853 2061 centum
873 1985 1012 2062 salutes
1029 1985 1187 2061 advenae
1205 1994 1455 2074 strenuorum,

369 2103 431 2204 Au
449 2154 488 2204 es
506 2127 649 2203 amicus
667 2139 710 2200 tu
728 2126 808 2225 ipse
823 2125 1041 2200 Cormaco?

371 2270 500 2360 Carul,
522 2281 581 2344 est
598 2281 730 2342 torvus
748 2266 813 2339 ille
831 2281 871 2338 et
888 2291 966 2340 non
984 2265 1109 2356 rnitis3

371 2411 441 2486 Est
458 2411 523 2484 ille
542 2408 694 2484 trahens
712 2403 734 2479 i
752 2419 864 2504 tergo
881 2431 989 2479 suum
1009 2407 1139 2481 telum.

371 2552 432 2627 An
449 2549 512 2625 hic
531 2561 589 2624 est
607 2549 706 2622 filius
725 2545 891 2622 Usnothi
909 2548 980 2622 sub
997 2545 1110 2639 famu,

372 2691 409 2766 Ο
427 2691 556 2782 barde,
577 2690 643 2788 qui
666 2689 814 2789 reponis
831 2686 881 2761 de
898 2713 1001 2762 novo
1019 2712 1083 2762 eos
1103 2689 1167 2786 qui
1185 2687 1341 2764 fuerunt
1354 2691 1397 2764 ?''

426 2831 544 2906 ‘Non
563 2843 621 2904 est
639 2829 704 2903 ille
723 2829 821 2904 filius
839 2827 1006 2906 Usnothi
1024 2829 1089 2926 qui
1108 2829 1227 2922 adest,

374 2971 448 3046 Sed
469 2969 623 3061 Carbar,
646 2981 733 3043 tuus
752 2967 927 3042 inimicus
946 2967 1016 3043 sub
1034 2969 1101 3060 ira,

374 3113 504 3198 Quare
522 3109 663 3184 venisti
682 3123 725 3184 tu
746 3109 816 3184 sub
833 3111 924 3201 telo,

375 3251 557 3352 Princeps
574 3249 764 3324 atro-rufe
781 3251 974 3351 supercilii
992 3251 1169 3327 barbari?

375 3391 436 3466 Ne
455 3392 541 3465 leva
558 3405 666 3466 tuum
684 3391 982 3466 durum-ferrum
1002 3393 1039 3470 in
1060 3419 1201 3493 regem.

377 3533 507 3620 Quare
525 3545 704 3608 movetur
719 3532 801 3608 sine
819 3535 1103 3632 oppugnatione
1126 3549 1194 3610 tua
1212 3535 1396 3612 velocitas
1407 3539 1437 3614 Ρ

377 3675 571 3750 Processit
588 3674 653 3749 ille
671 3675 711 3748 in
728 3677 795 3748 sua
812 3675 1044 3750 obscuritate
1061 3675 1193 3768 fusct;

378 3814 588 3889 Prehendit
605 3814 669 3889 illc
686 3839 838 3889 manum
856 3817 960 3914 regis
980 3817 1018 3891 in
1037 3842 1141 3891 suam
1159 3843 1323 3894 manum.

379 3955 492 4030 Vidit
510 3954 717 4030 Cormacus
735 3955 815 4055 ipse
833 3983 937 4032 suam
953 3973 1126 4049 mortem,

380 4096 547 4170 Flamma
563 4096 626 4171 irae
644 4111 801 4174 natante
820 4098 925 4174 eirca
941 4100 1023 4200 ejus
1040 4101 1183 4176 oculos.

385 4238 595 4336 ‘Relinque
610 4237 712 4313 hunc
730 4241 915 4336 (locum),
934 4240 1110 4340 princeps
1124 4241 1233 4318 Athae
1252 4243 1498 4346 injuriarum

381 4378 501 4453 Venit
518 4378 668 4454 Nathus
686 4393 859 4456 strenuus
878 4406 965 4456 cum
984 4382 1218 4460 certamine’

386 4520 462 4594 ‘Es
480 4534 523 4593 tu
540 4521 667 4594 audax
685 4521 725 4595 in
743 4521 871 4597 medio
888 4548 982 4598 meae
999 4525 1104 4616 aulae,

382 4659 476 4736 Meo
494 4661 637 4735 lacerto
655 4661 849 4738 imbecillo
867 4664 938 4738 sub
956 4663 1061 4738 telo'

385 4802 560 4878 Perrexit
576 4802 727 4902 gladius
745 4829 889 4880 sursum
909 4829 976 4904 per
994 4804 1075 4904 ejus
1092 4819 1247 4904 pectus3
