4194 6006
366 789 403 841 v.
426 769 604 846 leo-157.
809 747 1037 833 TEMORA.
1408 755 1481 832 2⁷9

368 986 492 1063 Cadet
508 987 644 1085 ingens
660 981 864 1059 hastaeilre
884 971 923 1055 v'i
940 979 962 1054 a
976 977 1160 1080 principe.

368 1127 572 1204 Cernimus·
583 1113 652 1201 ne's
669 1123 919 1200 atro-fuscam
935 1122 1076 1196 nubem
1094 1118 1237 1208 mortis,

367 1269 513 1342 Dicent
529 1267 596 1359 illi,
618 1279 658 1341 et
673 1265 808 1340 umbra
824 1275 1005 1340 nascente
1024 1263 1126 1338 circa
1142 1285 1270 1338 eorum
1287 1251 1449 1346 uultum,

369 1409 495 1484 Luctu
514 1398 800 1510 super-Fingale
817 1431 908 1481 sene
926 1405 1149 1493 clementie,
1355 1391 1481 1497 [terit.

368 1549 460 1650 Ejus
473 1548 574 1624 fama
584 1547 854 1648 (vanescente)
869 1557 1116 1647 ae·purgante
1130 1570 1152 1620 e
1165 1545 1294 1618 littore
1308 1539 1482 1616 ninevic·

369 1689 461 1764 Non
478 1701 683 1765 cernentur
700 1688 739 1761 in
756 1689 943 1762 Morvene
962 1685 1127 1785 vestigia
1145 1685 1226 1785 ejus
1245 1678 1467 1784 procerum

369 1829 452 1906 Erit
468 1856 618 1906 muscus
636 1819 817 1904 annorum
836 1817 876 1900 in
892 1827 1055 1901 Selml.’'

418 1971 465 2044 In
483 1970 757 2068 tranquillitate
775 1967 926 2042 audivit
943 1965 1085 2040 Carbar
1101 1959 1220 2056 rufus,

370 2111 476 2186 Sicut
493 2123 573 2186 atra
589 2110 709 2185 nubes
728 2111 912 2184 lluctuurn
930 2108 999 2182 sub
1018 2107 1150 2198 imbre,

372 2251 467 2337 Quae
484 2261 560 2325 stat
577 2219 686 2327 fusca
701 2251 813 2350 s'uper
830 2244 984 2324 Cromlai
1001 2240 1119 2350 su'pra

372 2393 508 2482 Donec
525 2403 676 2493 rumpat
695 2392 795 2492 ignis
813 2391 908 2467 aeris
927 2392 1007 2492 ejus
1024 2391 1133 2482 latus,

371 2533 480 2608 Tune
498 2523 757 2608 llammeseent
775 2530 893 2607 valles
911 2530 958 2606 ad
977 2523 1217 2633 splendorem
1234 2521 1437 2618 eoelorum;

372 2672 494 2747 Erunt
511 2685 661 2774 spectra
678 2675 761 2748 sine
778 2663 818 2749 'vi
835 2675 905 2749 sub
923 2673 1075 2772 gaudio.

371 2814 513 2890 Itidem
531 2816 571 2888 in
588 2815 864 2914 tranquillitate
883 2815 992 2889 stetit
1008 2839 1078 2888 rex
1093 2839 1103 2904 ;

373 2941 508 3030 Statinr
526 2954 654 3028 audita
670 2967 730 3030 est
748 2981 836 3031 cum
854 2955 999 3032 effectu
1017 2955 1099 3057 ejus
1115 2977 1205 3029 vox.

324 3109 326 3119 ’
427 3102 452 3137 “
469 3094 691 3195 Exponatur
709 3097 860 3196 epulum
878 3121 991 3197 super
1008 3095 1187 3186 Molenl;

374 3234 541 3309 Veniant
558 3235 634 3308 mei
652 3245 807 3310 centurn
825 3234 934 3310 bardi
950 3235 1037 3313 hue.

375 3375 463 3450 Olla
479 3375 698 3475 capillorum
716 3375 1022 3469 atro-fuscorum,
1043 3401 1178 3477 eurg03

374 3515 487 3590 Sume
506 3511 689 3590 citharam
707 3517 811 3616 regis
825 3515 957 3592 Iernes
974 3518 1014 3592 in
1029 3519 1097 3592 tua
1114 3541 1250 3606 manua

376 3654 622 3730 Proficiscere
640 3657 687 3732 ad
705 3669 900 3733 strenuum
918 3659 1098 3734 Oscarem
1117 3657 1339 3758 gladiorum,

376 3795 427 3871 Et
443 3795 565 3871 invita
582 3822 668 3872 eum
684 3795 760 3872 huc
778 3798 827 3872 ad
843 3800 1079 3876 convivium·

378 3937 505 4012 Hodie
524 3951 635 4012 erunt
652 3939 803 4038 epulum
822 3952 863 4014 et
879 3943 1068 4016 cantus-in
1086 3940 1209 4031 valle3

379 4077 470 4154 Cras
488 4077 689 4178 frangetur
704 4077 726 4154 a
743 4079 853 4154 nobis
870 4080 986 4158 hasta

378 4218 531 4294 Nuncia
547 4218 601 4292 illi
620 4219 722 4316 quod
741 4221 849 4296 erexi
867 4247 941 4322 ego
959 4225 1107 4299 tursum

377 4353 582 4434 Tumulum
601 4359 770 4435 Catholis
789 4361 858 4438 sub
876 4355 988 4439 laude
1007 4365 1230 4456 bardorum

379 4499 494 4586 Quod
512 4499 652 4576 tradidi
670 4504 744 4602 eg'o
762 4501 843 4604 ejus
861 4493 1292 4582 miserandumamicum
1311 4515 1439 4583 vento.

378 4639 532 4717 Nuncia
548 4643 605 4717 illi
623 4645 726 4742 quod
745 4635 966 4719 exauditum
985 4631 1044 4720 est
1060 4646 1109 4720 de
1127 4632 1209 4746 ejui
1227 4633 1401 4739 iictorit,

379 4779 440 4856 De
459 4783 539 4883 ejus
557 4783 657 4860 fama
673 4786 721 4861 ad
739 4787 880 4862 flumen
895 4773 1076 4861 sonorum
1094 4777 1281 4862 Carrenis.
