<?xml version="1.0" encoding="UTF-8"?>
<!DOCTYPE html PUBLIC "-//W3C//DTD XHTML 1.0 Transitional//EN"
    "http://www.w3.org/TR/xhtml1/DTD/xhtml1-transitional.dtd">
<html xmlns="http://www.w3.org/1999/xhtml" xml:lang="en" lang="en">
 <head>
  <title>
</title>
<meta http-equiv="Content-Type" content="text/html;charset=utf-8" />
  <meta name='ocr-system' content='tesseract 3.04.00' />
  <meta name='ocr-capabilities' content='ocr_page ocr_carea ocr_par ocr_line ocrx_word'/>
</head>
<body>
  <div class='ocr_page' id='page_1' title='image "./poemsossianinor00londgoog_0304.png"; bbox 0 0 4194 6006; ppageno 0'>
   <div class='ocr_carea' id='block_1_1' title="bbox 302 745 1487 838">
    <p class='ocr_par' dir='ltr' id='par_1_1' title="bbox 302 745 1487 838">
     <span class='ocr_line' id='line_1_1' title="bbox 302 745 1487 838; baseline 0.002 -12"><span class='ocrx_word' id='word_1_1' title='bbox 302 745 305 752; x_wconf 75' lang='grc'><strong><em>’</em></strong></span> <span class='ocrx_word' id='word_1_2' title='bbox 375 774 412 827; x_wconf 88' lang='lat' dir='ltr'><strong>v.</strong></span> <span class='ocrx_word' id='word_1_3' title='bbox 430 759 612 830; x_wconf 78' lang='grc'><strong>355·388.</strong></span> <span class='ocrx_word' id='word_1_4' title='bbox 811 747 1040 826; x_wconf 68' lang='grc' dir='ltr'><strong>ΤΕΜΟΒΑ</strong></span> <span class='ocrx_word' id='word_1_5' title='bbox 1415 761 1487 838; x_wconf 78' lang='lat'><strong>295</strong></span> 
     </span>
    </p>
   </div>
   <div class='ocr_carea' id='block_1_2' title="bbox 362 968 1508 2478">
    <p class='ocr_par' dir='ltr' id='par_1_2' title="bbox 362 968 1508 2478">
     <span class='ocr_line' id='line_1_2' title="bbox 374 968 1485 1072; baseline 0 -26"><span class='ocrx_word' id='word_1_6' title='bbox 374 969 704 1070; x_wconf 83' lang='lat' dir='ltr'><strong>(Evanercebant)</strong></span> <span class='ocrx_word' id='word_1_7' title='bbox 726 971 834 1046; x_wconf 85' lang='lat' dir='ltr'><strong>ibant</strong></span> <span class='ocrx_word' id='word_1_8' title='bbox 849 969 979 1046; x_wconf 87' lang='lat' dir='ltr'><strong>hostes</strong></span> <span class='ocrx_word' id='word_1_9' title='bbox 996 970 1037 1044; x_wconf 91' lang='lat' dir='ltr'><strong>in</strong></span> <span class='ocrx_word' id='word_1_10' title='bbox 1054 968 1292 1046; x_wconf 77' lang='lat' dir='ltr'><strong>amissionem</strong></span> <span class='ocrx_word' id='word_1_11' title='bbox 1310 995 1385 1072; x_wconf 83' lang='lat' dir='ltr'><strong>prae</strong></span> <span class='ocrx_word' id='word_1_12' title='bbox 1403 971 1485 1071; x_wconf 88' lang='lat' dir='ltr'><strong>ejus</strong></span> 
     </span>
     <span class='ocr_line' id='line_1_3' title="bbox 369 1111 1508 1213; baseline 0.001 -28"><span class='ocrx_word' id='word_1_13' title='bbox 369 1112 477 1187; x_wconf 88' lang='lat' dir='ltr'><strong>Inter</strong></span> <span class='ocrx_word' id='word_1_14' title='bbox 487 1138 617 1188; x_wconf 88' lang='lat' dir='ltr'><strong>eorum</strong></span> <span class='ocrx_word' id='word_1_15' title='bbox 628 1113 809 1213; x_wconf 88' lang='lat' dir='ltr'><strong>gaudium</strong></span> <span class='ocrx_word' id='word_1_16' title='bbox 820 1123 901 1188; x_wconf 90' lang='lat' dir='ltr'><strong>erat</strong></span> <span class='ocrx_word' id='word_1_17' title='bbox 911 1113 992 1212; x_wconf 90' lang='lat' dir='ltr'><strong>ejus</strong></span> <span class='ocrx_word' id='word_1_18' title='bbox 1003 1111 1149 1186; x_wconf 89' lang='lat' dir='ltr'><strong>reditus</strong></span> <span class='ocrx_word' id='word_1_19' title='bbox 1161 1111 1200 1186; x_wconf 93' lang='lat' dir='ltr'><strong>in</strong></span> <span class='ocrx_word' id='word_1_20' title='bbox 1212 1137 1316 1212; x_wconf 87' lang='lat' dir='ltr'><strong>pace.</strong></span> <span class='ocrx_word' id='word_1_21' title='bbox 1336 1113 1508 1213; x_wconf 87' lang='lat' dir='ltr'><strong>[elypeo;</strong></span> 
     </span>
     <span class='ocr_line' id='line_1_4' title="bbox 369 1251 1209 1353; baseline 0 -27"><span class='ocrx_word' id='word_1_22' title='bbox 369 1251 482 1326; x_wconf 85' lang='lat' dir='ltr'>Haud</span> <span class='ocrx_word' id='word_1_23' title='bbox 500 1252 575 1326; x_wconf 90' lang='lat' dir='ltr'><strong>fuit</strong></span> <span class='ocrx_word' id='word_1_24' title='bbox 593 1253 704 1328; x_wconf 93' lang='lat' dir='ltr'><strong>dolor</strong></span> <span class='ocrx_word' id='word_1_25' title='bbox 718 1253 816 1353; x_wconf 90' lang='lat' dir='ltr'><strong>patri</strong></span> <span class='ocrx_word' id='word_1_26' title='bbox 835 1253 937 1330; x_wconf 83' lang='lat' dir='ltr'><strong>circa</strong></span> <span class='ocrx_word' id='word_1_27' title='bbox 954 1277 1063 1328; x_wconf 82' lang='lat' dir='ltr'><strong>suum</strong></span> <span class='ocrx_word' id='word_1_28' title='bbox 1081 1253 1209 1344; x_wconf 89' lang='lat' dir='ltr'><strong>filium,</strong></span> 
     </span>
     <span class='ocr_line' id='line_1_5' title="bbox 369 1393 1468 1494; baseline 0.004 -26"><span class='ocrx_word' id='word_1_29' title='bbox 369 1394 448 1480; x_wconf 88' lang='lat' dir='ltr'><strong>Qui</strong></span> <span class='ocrx_word' id='word_1_30' title='bbox 466 1393 660 1470; x_wconf 85' lang='lat' dir='ltr'><strong>ceciderat</strong></span> <span class='ocrx_word' id='word_1_31' title='bbox 677 1395 716 1468; x_wconf 94' lang='lat' dir='ltr'><strong>in</strong></span> <span class='ocrx_word' id='word_1_32' title='bbox 736 1395 919 1470; x_wconf 90' lang='lat' dir='ltr'><strong>conflictu</strong></span> <span class='ocrx_word' id='word_1_33' title='bbox 938 1395 1134 1470; x_wconf 88' lang='lat' dir='ltr'><strong>indecore</strong></span> <span class='ocrx_word' id='word_1_34' title='bbox 1152 1419 1227 1469; x_wconf 85' lang='lat' dir='ltr'><strong>suae</strong></span> <span class='ocrx_word' id='word_1_35' title='bbox 1239 1395 1468 1494; x_wconf 86' lang='lat' dir='ltr'><strong>juventutis.</strong></span> 
     </span>
     <span class='ocr_line' id='line_1_6' title="bbox 366 1533 1208 1647; baseline 0.002 -39"><span class='ocrx_word' id='word_1_36' title='bbox 366 1533 555 1647; x_wconf 82' lang='lat' dir='ltr'><strong>Abierunt</strong></span> <span class='ocrx_word' id='word_1_37' title='bbox 570 1535 626 1609; x_wconf 95' lang='lat' dir='ltr'><strong>illi</strong></span> <span class='ocrx_word' id='word_1_38' title='bbox 643 1535 723 1610; x_wconf 86' lang='lat' dir='ltr'><strong>sihe</strong></span> <span class='ocrx_word' id='word_1_39' title='bbox 741 1535 919 1635; x_wconf 84' lang='lat' dir='ltr'><strong>lacrymis</strong></span> <span class='ocrx_word' id='word_1_40' title='bbox 939 1536 1009 1611; x_wconf 87' lang='lat' dir='ltr'><strong>sub</strong></span> <span class='ocrx_word' id='word_1_41' title='bbox 1026 1536 1208 1628; x_wconf 87' lang='lat' dir='ltr'><strong>umbram,</strong></span> 
     </span>
     <span class='ocr_line' id='line_1_7' title="bbox 368 1673 1345 1777; baseline 0.002 -29"><span class='ocrx_word' id='word_1_42' title='bbox 368 1673 464 1748; x_wconf 91' lang='lat' dir='ltr'><strong>Cnrn</strong></span> <span class='ocrx_word' id='word_1_43' title='bbox 484 1675 759 1751; x_wconf 83' lang='lat' dir='ltr'><strong>extenderetur</strong></span> <span class='ocrx_word' id='word_1_44' title='bbox 775 1699 885 1776; x_wconf 84' lang='lat' dir='ltr'><strong>super</strong></span> <span class='ocrx_word' id='word_1_45' title='bbox 902 1674 1057 1750; x_wconf 90' lang='lat' dir='ltr'><strong>humum</strong></span> <span class='ocrx_word' id='word_1_46' title='bbox 1076 1686 1190 1777; x_wconf 90' lang='lat' dir='ltr'><strong>caput</strong></span> <span class='ocrx_word' id='word_1_47' title='bbox 1204 1675 1345 1776; x_wconf 89' lang='lat' dir='ltr'><strong>populi.</strong></span> 
     </span>
     <span class='ocr_line' id='line_1_8' title="bbox 365 1813 1030 1918; baseline 0.003 -30"><span class='ocrx_word' id='word_1_48' title='bbox 365 1813 457 1888; x_wconf 83' lang='lat' dir='ltr'>Erat</span> <span class='ocrx_word' id='word_1_49' title='bbox 474 1815 572 1890; x_wconf 89' lang='lat' dir='ltr'><strong>Bran</strong></span> <span class='ocrx_word' id='word_1_50' title='bbox 590 1815 736 1890; x_wconf 84' lang='lat' dir='ltr'><strong>ululans</strong></span> <span class='ocrx_word' id='word_1_51' title='bbox 755 1817 803 1892; x_wconf 85' lang='lat' dir='ltr'><strong>ad</strong></span> <span class='ocrx_word' id='word_1_52' title='bbox 823 1818 905 1918; x_wconf 89' lang='lat' dir='ltr'><strong>ejus</strong></span> <span class='ocrx_word' id='word_1_53' title='bbox 923 1817 1030 1908; x_wconf 84' lang='lat' dir='ltr'><strong>latus,</strong></span> 
     </span>
     <span class='ocr_line' id='line_1_9' title="bbox 367 1955 1062 2057; baseline 0.006 -29"><span class='ocrx_word' id='word_1_54' title='bbox 367 1955 447 2029; x_wconf 87' lang='lat' dir='ltr'><strong>Lua</strong></span> <span class='ocrx_word' id='word_1_55' title='bbox 463 1969 593 2030; x_wconf 82' lang='lat' dir='ltr'><strong>torvus</strong></span> <span class='ocrx_word' id='word_1_56' title='bbox 610 1957 650 2030; x_wconf 94' lang='lat' dir='ltr'><strong>in</strong></span> <span class='ocrx_word' id='word_1_57' title='bbox 667 1957 825 2057; x_wconf 84' lang='lat' dir='ltr'><strong>planitie</strong></span> <span class='ocrx_word' id='word_1_58' title='bbox 842 1960 912 2034; x_wconf 83' lang='lat' dir='ltr'><strong>sub</strong></span> <span class='ocrx_word' id='word_1_59' title='bbox 931 1959 1062 2048; x_wconf 88' lang='lat' dir='ltr'><strong>luctu;</strong></span> 
     </span>
     <span class='ocr_line' id='line_1_10' title="bbox 365 2095 993 2196; baseline 0.002 -26"><span class='ocrx_word' id='word_1_60' title='bbox 365 2095 627 2196; x_wconf 85' lang='lat' dir='ltr'><strong>Saepennmero</strong></span> <span class='ocrx_word' id='word_1_61' title='bbox 644 2097 793 2174; x_wconf 85' lang='lat' dir='ltr'><strong>iverant</strong></span> <span class='ocrx_word' id='word_1_62' title='bbox 810 2099 864 2173; x_wconf 95' lang='lat' dir='ltr'><strong>illi</strong></span> <span class='ocrx_word' id='word_1_63' title='bbox 882 2098 993 2173; x_wconf 87' lang='lat' dir='ltr'><strong>simul</strong></span> 
     </span>
     <span class='ocr_line' id='line_1_11' title="bbox 362 2236 1280 2314; baseline 0.004 -5"><span class='ocrx_word' id='word_1_64' title='bbox 362 2236 424 2310; x_wconf 91' lang='lat' dir='ltr'><strong>Ad</strong></span> <span class='ocrx_word' id='word_1_65' title='bbox 443 2251 623 2312; x_wconf 90' lang='lat' dir='ltr'><strong>venatum</strong></span> <span class='ocrx_word' id='word_1_66' title='bbox 642 2249 682 2313; x_wconf 91' lang='lat' dir='ltr'><strong>et</strong></span> <span class='ocrx_word' id='word_1_67' title='bbox 699 2239 747 2314; x_wconf 88' lang='lat' dir='ltr'><strong>ad</strong></span> <span class='ocrx_word' id='word_1_68' title='bbox 765 2239 1013 2314; x_wconf 77' lang='lat' dir='ltr'><strong>rufae-damas</strong></span> <span class='ocrx_word' id='word_1_69' title='bbox 1031 2239 1280 2314; x_wconf 87' lang='lat' dir='ltr'><strong>desertorum.</strong></span> 
     </span>
     <span class='ocr_line' id='line_1_12' title="bbox 414 2377 1320 2478; baseline 0.006 -28"><span class='ocrx_word' id='word_1_70' title='bbox 414 2377 577 2463; x_wconf 85' lang='lat' dir='ltr'><strong>Quando</strong></span> <span class='ocrx_word' id='word_1_71' title='bbox 593 2377 693 2454; x_wconf 86' lang='lat' dir='ltr'><strong>vidit</strong></span> <span class='ocrx_word' id='word_1_72' title='bbox 710 2379 774 2454; x_wconf 88' lang='lat' dir='ltr'><strong>ille</strong></span> <span class='ocrx_word' id='word_1_73' title='bbox 791 2406 877 2456; x_wconf 80' lang='lat' dir='ltr'><strong>auor</strong></span> <span class='ocrx_word' id='word_1_74' title='bbox 894 2380 1036 2455; x_wconf 87' lang='lat' dir='ltr'><strong>amicos</strong></span> <span class='ocrx_word' id='word_1_75' title='bbox 1056 2379 1212 2470; x_wconf 89' lang='lat' dir='ltr'><strong>circum,</strong></span> <span class='ocrx_word' id='word_1_76' title='bbox 1315 2469 1320 2478; x_wconf 28' lang='grc' dir='ltr'>Ι</span> 
     </span>
    </p>
   </div>
   <div class='ocr_carea' id='block_1_3' title="bbox 364 2506 1454 2620">
    <p class='ocr_par' dir='ltr' id='par_1_3' title="bbox 364 2506 1454 2620">
     <span class='ocr_line' id='line_1_13' title="bbox 364 2506 1454 2620; baseline 0.001 -28"><span class='ocrx_word' id='word_1_77' title='bbox 364 2517 514 2594; x_wconf 90' lang='lat' dir='ltr'><strong>Motum</strong></span> <span class='ocrx_word' id='word_1_78' title='bbox 533 2531 592 2595; x_wconf 87' lang='lat' dir='ltr'><strong>est</strong></span> <span class='ocrx_word' id='word_1_79' title='bbox 609 2521 689 2620; x_wconf 83' lang='lat' dir='ltr'><strong>ejus</strong></span> <span class='ocrx_word' id='word_1_80' title='bbox 706 2523 899 2598; x_wconf 87' lang='lat' dir='ltr'><strong>luctamen</strong></span> <span class='ocrx_word' id='word_1_81' title='bbox 917 2506 1096 2597; x_wconf 88' lang='lat' dir='ltr'><strong>celeriter</strong></span> <span class='ocrx_word' id='word_1_82' title='bbox 1111 2519 1181 2593; x_wconf 86' lang='lat' dir='ltr'><strong>sub</strong></span> <span class='ocrx_word' id='word_1_83' title='bbox 1200 2517 1282 2620; x_wconf 85' lang='lat' dir='ltr'><strong>ejus</strong></span> <span class='ocrx_word' id='word_1_84' title='bbox 1299 2529 1454 2619; x_wconf 86' lang='lat' dir='ltr'><strong>pectore</strong></span> 
     </span>
    </p>
   </div>
   <div class='ocr_carea' id='block_1_4' title="bbox 336 2659 1430 5005">
    <p class='ocr_par' dir='ltr' id='par_1_4' title="bbox 364 2659 1314 2762">
     <span class='ocr_line' id='line_1_14' title="bbox 364 2659 1314 2762; baseline 0.001 -29"><span class='ocrx_word' id='word_1_85' title='bbox 364 2659 526 2760; x_wconf 84' lang='lat' dir='ltr'><strong>Suspiria</strong></span> <span class='ocrx_word' id='word_1_86' title='bbox 542 2687 740 2762; x_wconf 89' lang='lat' dir='ltr'><strong>procerum</strong></span> <span class='ocrx_word' id='word_1_87' title='bbox 759 2663 997 2738; x_wconf 83' lang='lat' dir='ltr'><strong>excelsorum</strong></span> <span class='ocrx_word' id='word_1_88' title='bbox 1015 2661 1085 2736; x_wconf 91' lang='lat' dir='ltr'><strong>sub</strong></span> <span class='ocrx_word' id='word_1_89' title='bbox 1103 2671 1314 2750; x_wconf 88' lang='lat' dir='ltr'><strong>senectute,</strong></span> 
     </span>
    </p>

    <p class='ocr_par' dir='ltr' id='par_1_5' title="bbox 362 2797 1033 2898">
     <span class='ocr_line' id='line_1_15' title="bbox 362 2797 1033 2898; baseline 0.01 -26"><span class='ocrx_word' id='word_1_90' title='bbox 362 2797 532 2898; x_wconf 88' lang='lat' dir='ltr'><strong>Ejulatua</strong></span> <span class='ocrx_word' id='word_1_91' title='bbox 551 2825 699 2892; x_wconf 86' lang='lat' dir='ltr'><strong>eanum,</strong></span> <span class='ocrx_word' id='word_1_92' title='bbox 721 2815 761 2878; x_wconf 87' lang='lat' dir='ltr'><strong>et</strong></span> <span class='ocrx_word' id='word_1_93' title='bbox 779 2803 911 2878; x_wconf 83' lang='lat' dir='ltr'><strong>naeniae</strong></span> <span class='ocrx_word' id='word_1_94' title='bbox 1031 2861 1033 2866; x_wconf 66' lang='lat'>,</span> 
     </span>
    </p>

    <p class='ocr_par' dir='ltr' id='par_1_6' title="bbox 360 2938 1155 3039">
     <span class='ocr_line' id='line_1_16' title="bbox 360 2938 1155 3039; baseline 0.006 -27"><span class='ocrx_word' id='word_1_95' title='bbox 360 2938 610 3039; x_wconf 88' lang='lat' dir='ltr'><strong>Erumpentes</strong></span> <span class='ocrx_word' id='word_1_96' title='bbox 628 2966 764 3039; x_wconf 88' lang='lat' dir='ltr'><strong>graves</strong></span> <span class='ocrx_word' id='word_1_97' title='bbox 782 2944 829 3017; x_wconf 88' lang='lat' dir='ltr'><strong>ab</strong></span> <span class='ocrx_word' id='word_1_98' title='bbox 847 2967 911 3016; x_wconf 90' lang='lat' dir='ltr'><strong>ore</strong></span> <span class='ocrx_word' id='word_1_99' title='bbox 929 2941 1155 3032; x_wconf 84' lang='lat' dir='ltr'><strong>bardorum3</strong></span> 
     </span>
    </p>

    <p class='ocr_par' dir='ltr' id='par_1_7' title="bbox 359 3077 1352 3182">
     <span class='ocr_line' id='line_1_17' title="bbox 359 3077 1352 3182; baseline 0.002 -30"><span class='ocrx_word' id='word_1_100' title='bbox 359 3077 562 3152; x_wconf 88' lang='lat' dir='ltr'><strong>Solverunt</strong></span> <span class='ocrx_word' id='word_1_101' title='bbox 578 3079 644 3154; x_wconf 85' lang='lat' dir='ltr'><strong>illa</strong></span> <span class='ocrx_word' id='word_1_102' title='bbox 660 3107 785 3156; x_wconf 88' lang='lat' dir='ltr'><strong>meum</strong></span> <span class='ocrx_word' id='word_1_103' title='bbox 803 3081 969 3156; x_wconf 87' lang='lat' dir='ltr'><strong>animum</strong></span> <span class='ocrx_word' id='word_1_104' title='bbox 987 3081 1103 3182; x_wconf 88' lang='lat' dir='ltr'><strong>ipsius</strong></span> <span class='ocrx_word' id='word_1_105' title='bbox 1120 3081 1190 3156; x_wconf 86' lang='lat' dir='ltr'><strong>sub</strong></span> <span class='ocrx_word' id='word_1_106' title='bbox 1209 3080 1352 3172; x_wconf 90' lang='lat' dir='ltr'><strong>dolore,</strong></span> 
     </span>
    </p>

    <p class='ocr_par' dir='ltr' id='par_1_8' title="bbox 359 3220 1294 3320">
     <span class='ocr_line' id='line_1_18' title="bbox 359 3220 1294 3320; baseline 0.001 -25"><span class='ocrx_word' id='word_1_107' title='bbox 359 3220 494 3295; x_wconf 92' lang='lat' dir='ltr'><strong>Meurn</strong></span> <span class='ocrx_word' id='word_1_108' title='bbox 511 3222 676 3296; x_wconf 88' lang='lat' dir='ltr'><strong>animum</strong></span> <span class='ocrx_word' id='word_1_109' title='bbox 694 3221 757 3320; x_wconf 92' lang='lat' dir='ltr'><strong>qui</strong></span> <span class='ocrx_word' id='word_1_110' title='bbox 772 3221 874 3296; x_wconf 89' lang='lat' dir='ltr'><strong>haud</strong></span> <span class='ocrx_word' id='word_1_111' title='bbox 890 3223 1035 3298; x_wconf 81' lang='lat' dir='ltr'><strong>solutus</strong></span> <span class='ocrx_word' id='word_1_112' title='bbox 1053 3233 1112 3296; x_wconf 86' lang='lat' dir='ltr'><strong>est</strong></span> <span class='ocrx_word' id='word_1_113' title='bbox 1127 3245 1294 3320; x_wconf 90' lang='lat' dir='ltr'><strong>unquam</strong></span> 
     </span>
    </p>

    <p class='ocr_par' dir='ltr' id='par_1_9' title="bbox 359 3359 1238 3461">
     <span class='ocr_line' id='line_1_19' title="bbox 359 3359 1238 3461; baseline 0.002 -27"><span class='ocrx_word' id='word_1_114' title='bbox 359 3359 406 3434; x_wconf 93' lang='lat' dir='ltr'><strong>ln</strong></span> <span class='ocrx_word' id='word_1_115' title='bbox 424 3361 605 3436; x_wconf 86' lang='lat' dir='ltr'><strong>conflictu</strong></span> <span class='ocrx_word' id='word_1_116' title='bbox 623 3363 842 3461; x_wconf 88' lang='lat' dir='ltr'><strong>clypeorum</strong></span> <span class='ocrx_word' id='word_1_117' title='bbox 860 3359 987 3436; x_wconf 91' lang='lat' dir='ltr'><strong>necin</strong></span> <span class='ocrx_word' id='word_1_118' title='bbox 1006 3362 1238 3454; x_wconf 82' lang='lat' dir='ltr'><strong>certamine3</strong></span> 
     </span>
    </p>

    <p class='ocr_par' dir='ltr' id='par_1_10' title="bbox 358 3501 1261 3604">
     <span class='ocr_line' id='line_1_20' title="bbox 358 3501 1261 3604; baseline 0.004 -30"><span class='ocrx_word' id='word_1_119' title='bbox 358 3501 450 3575; x_wconf 85' lang='lat' dir='ltr'><strong>Erat</strong></span> <span class='ocrx_word' id='word_1_120' title='bbox 466 3503 531 3576; x_wconf 90' lang='lat' dir='ltr'><strong>ille</strong></span> <span class='ocrx_word' id='word_1_121' title='bbox 549 3503 680 3578; x_wconf 86' lang='lat' dir='ltr'><strong>similis</strong></span> <span class='ocrx_word' id='word_1_122' title='bbox 697 3502 1018 3604; x_wconf 68' lang='lat' dir='ltr'><strong>dum-(chalybi)</strong></span> <span class='ocrx_word' id='word_1_123' title='bbox 1039 3501 1114 3577; x_wconf 93' lang='lat' dir='ltr'><strong>mei</strong></span> <span class='ocrx_word' id='word_1_124' title='bbox 1131 3501 1261 3602; x_wconf 84' lang='lat' dir='ltr'><strong>gladii.</strong></span> 
     </span>
    </p>

    <p class='ocr_par' dir='ltr' id='par_1_11' title="bbox 362 3641 1322 3742">
     <span class='ocr_line' id='line_1_21' title="bbox 362 3641 1322 3742; baseline 0.002 -27"><span class='ocrx_word' id='word_1_125' title='bbox 362 3649 386 3683; x_wconf 89' lang='lat'><strong>“</strong></span> <span class='ocrx_word' id='word_1_126' title='bbox 402 3641 518 3716; x_wconf 85' lang='lat' dir='ltr'><strong>Porta</strong></span> <span class='ocrx_word' id='word_1_127' title='bbox 533 3667 594 3717; x_wconf 89' lang='lat' dir='ltr'><strong>me</strong></span> <span class='ocrx_word' id='word_1_128' title='bbox 612 3642 658 3718; x_wconf 90' lang='lat' dir='ltr'><strong>ad</strong></span> <span class='ocrx_word' id='word_1_129' title='bbox 676 3667 803 3717; x_wconf 89' lang='lat' dir='ltr'><strong>meum</strong></span> <span class='ocrx_word' id='word_1_130' title='bbox 820 3643 970 3733; x_wconf 84' lang='lat' dir='ltr'><strong>collem,</strong></span> <span class='ocrx_word' id='word_1_131' title='bbox 989 3654 1142 3716; x_wconf 83' lang='lat' dir='ltr'><strong>strenue</strong></span> <span class='ocrx_word' id='word_1_132' title='bbox 1162 3643 1322 3742; x_wconf 85' lang='lat' dir='ltr'><strong>(pater),</strong></span> 
     </span>
    </p>

    <p class='ocr_par' dir='ltr' id='par_1_12' title="bbox 354 3782 1166 3882">
     <span class='ocr_line' id='line_1_22' title="bbox 354 3782 1166 3882; baseline -0.001 -25"><span class='ocrx_word' id='word_1_133' title='bbox 354 3782 472 3882; x_wconf 86' lang='lat' dir='ltr'><strong>Erige</strong></span> <span class='ocrx_word' id='word_1_134' title='bbox 490 3808 582 3858; x_wconf 87' lang='lat' dir='ltr'><strong>saxa</strong></span> <span class='ocrx_word' id='word_1_135' title='bbox 598 3785 638 3858; x_wconf 92' lang='lat' dir='ltr'><strong>in</strong></span> <span class='ocrx_word' id='word_1_136' title='bbox 655 3795 786 3858; x_wconf 89' lang='lat' dir='ltr'><strong>monte</strong></span> <span class='ocrx_word' id='word_1_137' title='bbox 803 3784 850 3860; x_wconf 91' lang='lat' dir='ltr'><strong>ad</strong></span> <span class='ocrx_word' id='word_1_138' title='bbox 866 3807 988 3857; x_wconf 84' lang='lat' dir='ltr'><strong>meam</strong></span> <span class='ocrx_word' id='word_1_139' title='bbox 1005 3783 1166 3873; x_wconf 72' lang='lat' dir='ltr'><strong>famam</strong></span> 
     </span>
    </p>

    <p class='ocr_par' dir='ltr' id='par_1_13' title="bbox 356 3922 1378 4026">
     <span class='ocr_line' id='line_1_23' title="bbox 356 3922 1378 4026; baseline 0.002 -28"><span class='ocrx_word' id='word_1_140' title='bbox 356 3923 461 3998; x_wconf 91' lang='lat' dir='ltr'><strong>Pone</strong></span> <span class='ocrx_word' id='word_1_141' title='bbox 482 3923 640 4024; x_wconf 90' lang='lat' dir='ltr'><strong>(cornu)</strong></span> <span class='ocrx_word' id='word_1_142' title='bbox 661 3949 805 3998; x_wconf 89' lang='lat' dir='ltr'><strong>ramum</strong></span> <span class='ocrx_word' id='word_1_143' title='bbox 822 3922 1020 4000; x_wconf 82' lang='lat' dir='ltr'><strong>rufi-cervi</strong></span> <span class='ocrx_word' id='word_1_144' title='bbox 1031 3925 1150 4026; x_wconf 85' lang='lat' dir='ltr'><strong>juxta</strong></span> <span class='ocrx_word' id='word_1_145' title='bbox 1166 3924 1378 4026; x_wconf 86' lang='lat' dir='ltr'><strong>meipsum,</strong></span> 
     </span>
    </p>

    <p class='ocr_par' dir='ltr' id='par_1_14' title="bbox 355 4062 1422 4168">
     <span class='ocr_line' id='line_1_24' title="bbox 355 4062 1422 4165; baseline 0.003 -28"><span class='ocrx_word' id='word_1_146' title='bbox 355 4062 407 4138; x_wconf 89' lang='lat' dir='ltr'><strong>Et</strong></span> <span class='ocrx_word' id='word_1_147' title='bbox 423 4064 592 4163; x_wconf 87' lang='lat' dir='ltr'><strong>gladium</strong></span> <span class='ocrx_word' id='word_1_148' title='bbox 609 4077 764 4140; x_wconf 89' lang='lat' dir='ltr'><strong>tenuem</strong></span> <span class='ocrx_word' id='word_1_149' title='bbox 781 4067 977 4165; x_wconf 84' lang='lat' dir='ltr'><strong>plagarum</strong></span> <span class='ocrx_word' id='word_1_150' title='bbox 994 4066 1041 4140; x_wconf 92' lang='lat' dir='ltr'><strong>ad</strong></span> <span class='ocrx_word' id='word_1_151' title='bbox 1061 4087 1186 4142; x_wconf 85' lang='lat' dir='ltr'><strong>meum</strong></span> <span class='ocrx_word' id='word_1_152' title='bbox 1205 4065 1314 4140; x_wconf 85' lang='lat' dir='ltr'><strong>latus.</strong></span> <span class='ocrx_word' id='word_1_153' title='bbox 1418 4099 1422 4106; x_wconf 93' lang='lat'><strong>·</strong></span> 
     </span>
    </p>

    <p class='ocr_par' dir='ltr' id='par_1_15' title="bbox 354 4204 1056 4295">
     <span class='ocr_line' id='line_1_25' title="bbox 354 4204 1056 4295; baseline 0 -17"><span class='ocrx_word' id='word_1_154' title='bbox 354 4204 482 4280; x_wconf 89' lang='lat' dir='ltr'><strong>Tollet</strong></span> <span class='ocrx_word' id='word_1_155' title='bbox 498 4217 645 4281; x_wconf 86' lang='lat' dir='ltr'><strong>torrens</strong></span> <span class='ocrx_word' id='word_1_156' title='bbox 663 4205 753 4280; x_wconf 90' lang='lat' dir='ltr'><strong>olim</strong></span> <span class='ocrx_word' id='word_1_157' title='bbox 771 4207 967 4295; x_wconf 81' lang='lat' dir='ltr'><strong>tellurem3</strong></span> <span class='ocrx_word' id='word_1_158' title='bbox 1053 4235 1056 4240; x_wconf 55' lang='grc'>’</span> 
     </span>
    </p>

    <p class='ocr_par' dir='ltr' id='par_1_16' title="bbox 355 4345 1430 4447">
     <span class='ocr_line' id='line_1_26' title="bbox 355 4345 1430 4447; baseline 0.002 -27"><span class='ocrx_word' id='word_1_159' title='bbox 355 4345 501 4422; x_wconf 88' lang='lat' dir='ltr'><strong>Cernet</strong></span> <span class='ocrx_word' id='word_1_160' title='bbox 518 4358 678 4422; x_wconf 84' lang='lat' dir='ltr'><strong>venator</strong></span> <span class='ocrx_word' id='word_1_161' title='bbox 695 4371 814 4446; x_wconf 83' lang='lat' dir='ltr'><strong>neque</strong></span> <span class='ocrx_word' id='word_1_162' title='bbox 832 4347 879 4422; x_wconf 93' lang='lat' dir='ltr'><strong>ad</strong></span> <span class='ocrx_word' id='word_1_163' title='bbox 897 4358 1048 4446; x_wconf 82' lang='lat' dir='ltr'><strong>tergum</strong></span> <span class='ocrx_word' id='word_1_164' title='bbox 1066 4347 1203 4422; x_wconf 89' lang='lat' dir='ltr'><strong>durum</strong></span> <span class='ocrx_word' id='word_1_165' title='bbox 1224 4345 1430 4447; x_wconf 88' lang='lat' dir='ltr'><strong>(ferrum);</strong></span> 
     </span>
    </p>

    <p class='ocr_par' dir='ltr' id='par_1_17' title="bbox 336 4481 1260 4589">
     <span class='ocr_line' id='line_1_27' title="bbox 336 4481 1260 4589; baseline 0.003 -29"><span class='ocrx_word' id='word_1_166' title='bbox 336 4481 339 4488; x_wconf 75' lang='grc'><strong>’</strong></span> <span class='ocrx_word' id='word_1_167' title='bbox 359 4495 368 4529; x_wconf 86' lang='lat'>‘</span> <span class='ocrx_word' id='word_1_168' title='bbox 388 4487 511 4564; x_wconf 88' lang='lat' dir='ltr'><strong>Hicce</strong></span> <span class='ocrx_word' id='word_1_169' title='bbox 529 4489 678 4588; x_wconf 87' lang='lat' dir='ltr'><strong>gladius</strong></span> <span class='ocrx_word' id='word_1_170' title='bbox 696 4489 815 4589; x_wconf 81' lang='lat' dir='ltr'><strong>asperi</strong></span> <span class='ocrx_word' id='word_1_171' title='bbox 834 4487 986 4564; x_wconf 86' lang='lat' dir='ltr'><strong>Osearis</strong></span> <span class='ocrx_word' id='word_1_172' title='bbox 1004 4491 1074 4564; x_wconf 81' lang='lat' dir='ltr'><strong>sub</strong></span> <span class='ocrx_word' id='word_1_173' title='bbox 1092 4489 1260 4589; x_wconf 90' lang='lat' dir='ltr'><strong>pulvere,</strong></span> 
     </span>
    </p>

    <p class='ocr_par' dir='ltr' id='par_1_18' title="bbox 353 4627 1359 4869">
     <span class='ocr_line' id='line_1_28' title="bbox 353 4627 1359 4728; baseline 0.002 -28"><span class='ocrx_word' id='word_1_174' title='bbox 353 4627 452 4703; x_wconf 81' lang='lat' dir='ltr'><strong>Altae</strong></span> <span class='ocrx_word' id='word_1_175' title='bbox 470 4629 653 4728; x_wconf 84' lang='lat' dir='ltr'><strong>superbiae</strong></span> <span class='ocrx_word' id='word_1_176' title='bbox 671 4652 852 4704; x_wconf 87' lang='lat' dir='ltr'><strong>annorum</strong></span> <span class='ocrx_word' id='word_1_177' title='bbox 871 4630 936 4728; x_wconf 92' lang='lat' dir='ltr'><strong>qui</strong></span> <span class='ocrx_word' id='word_1_178' title='bbox 953 4629 1131 4705; x_wconf 86' lang='lat' dir='ltr'><strong>abierunt</strong></span> <span class='ocrx_word' id='word_1_179' title='bbox 1147 4629 1169 4704; x_wconf 73' lang='grc' dir='ltr'>ὲ</span> <span class='ocrx_word' id='word_1_180' title='bbox 1185 4630 1322 4705; x_wconf 88' lang='lat' dir='ltr'><strong>nobis.&#39;</strong></span> <span class='ocrx_word' id='word_1_181' title='bbox 1337 4631 1359 4663; x_wconf 91' lang='lat'><strong><em>”</em></strong></span> 
     </span>
     <span class='ocr_line' id='line_1_29' title="bbox 405 4767 1333 4869; baseline 0.003 -27"><span class='ocrx_word' id='word_1_182' title='bbox 405 4769 504 4842; x_wconf 86' lang='lat' dir='ltr'><strong>“An</strong></span> <span class='ocrx_word' id='word_1_183' title='bbox 522 4767 668 4844; x_wconf 88' lang='lat' dir='ltr'><strong>cecidit</strong></span> <span class='ocrx_word' id='word_1_184' title='bbox 684 4770 784 4845; x_wconf 83' lang='lat' dir='ltr'><strong>filius</strong></span> <span class='ocrx_word' id='word_1_185' title='bbox 802 4771 866 4868; x_wconf 91' lang='lat' dir='ltr'><strong>qui</strong></span> <span class='ocrx_word' id='word_1_186' title='bbox 884 4772 1018 4846; x_wconf 87' lang='lat' dir='ltr'><strong>attulit</strong></span> <span class='ocrx_word' id='word_1_187' title='bbox 1034 4770 1128 4844; x_wconf 91' lang='lat' dir='ltr'><strong>mihi</strong></span> <span class='ocrx_word' id='word_1_188' title='bbox 1146 4771 1333 4869; x_wconf 87' lang='lat' dir='ltr'><strong>gloriam?</strong></span> 
     </span>
    </p>

    <p class='ocr_par' dir='ltr' id='par_1_19' title="bbox 353 4908 1172 5005">
     <span class='ocr_line' id='line_1_30' title="bbox 353 4908 1172 5005; baseline 0.007 -23"><span class='ocrx_word' id='word_1_189' title='bbox 353 4908 493 4984; x_wconf 91' lang='lat' dir='ltr'><strong>Nonne</strong></span> <span class='ocrx_word' id='word_1_190' title='bbox 512 4935 663 4986; x_wconf 89' lang='lat' dir='ltr'><strong>cernam</strong></span> <span class='ocrx_word' id='word_1_191' title='bbox 681 4925 732 5005; x_wconf 89' lang='lat' dir='ltr'><strong>te,</strong></span> <span class='ocrx_word' id='word_1_192' title='bbox 754 4912 886 5004; x_wconf 79' lang='lat' dir='ltr'><strong>Oscor,</strong></span> <span class='ocrx_word' id='word_1_193' title='bbox 906 4913 947 4988; x_wconf 93' lang='lat' dir='ltr'><strong>in</strong></span> <span class='ocrx_word' id='word_1_194' title='bbox 964 4915 1172 4989; x_wconf 83' lang='lat' dir='ltr'><strong>aetemum?</strong></span> 
     </span>
    </p>
   </div>
   <div class='ocr_carea' id='block_1_5' title="bbox 0 0 2102 6006">
    <p class='ocr_par' dir='ltr' id='par_1_20' title="bbox 0 0 2102 6006">
     <span class='ocr_line' id='line_1_31' title="bbox 0 0 2102 6006; baseline 0 6"><span class='ocrx_word' id='word_1_195' title='bbox 0 0 2102 6006; x_wconf 95' lang='lat' dir='ltr'><strong> </strong></span> 
     </span>
    </p>
   </div>
  </div>
 </body>
</html>
