4194 6006
237 781 241 789 ·
359 797 396 848 v.
414 782 598 858 sss-270.
848 775 1053 850 rinnau
1250 723 1253 728 ⁵
1402 785 1474 852 ros

358 1003 383 1038 “
400 996 452 1070 Hi
471 1011 632 1094 quatuor
648 999 792 1100 lapides
809 1001 880 1074 sub
897 1024 1029 1074 musco
1047 1025 1069 1074 c
1086 1000 1246 1101 regione
1264 999 1423 1076 adversa

356 1135 469 1214 Circa
485 1137 638 1216 domum
658 1155 858 1241 angustam
877 1141 1011 1216 mortis
1030 1141 1070 1214 in
1089 1141 1219 1216 clivo?

252 1321 257 1332 ·
356 1277 433 1355 Hic
451 1279 576 1380 capiat
596 1280 715 1355 Roena
734 1307 906 1382 soporem

353 1419 477 1495 Juxta
489 1423 587 1496 latus
602 1424 794 1499 bellatoris
810 1425 875 1522 qui
891 1437 971 1500 erat
985 1425 1099 1498 durus
1112 1423 1254 1524 [fortis]
1268 1421 1307 1496 in
1324 1420 1467 1523 proelio.

358 1561 434 1636 Hic
453 1577 512 1638 est
529 1563 702 1666 princeps
721 1567 831 1666 cujus
849 1566 1030 1642 altissima
1048 1581 1128 1642 erat
1144 1567 1246 1642 fama
1262 1565 1301 1640 in
1320 1576 1471 1653 monte;

356 1703 447 1779 Non
462 1705 537 1780 erit
551 1707 630 1807 ejus
648 1708 724 1783 iter
734 1734 864 1784 secum
884 1710 964 1811 ipso
978 1707 1219 1808 [solitarium]
1236 1707 1275 1781 in
1292 1705 1469 1780 nubibus.

356 1843 475 1937 Ullin,
497 1849 589 1922 tolle
607 1861 651 1924 tu
669 1874 821 1925 carmen
844 1849 891 1924 ab
910 1849 1070 1949 antiquo
1088 1864 1260 1952 tempore
1276 1846 1473 1948 [temporis

356 1985 402 2060 In
421 1989 639 2063 memoriam
654 1995 788 2065 'eorum
807 1993 873 2089 qui
892 2005 980 2067 sunt
998 1993 1037 2066 in
1055 1993 1266 2094 sepulchro.
1326 1988 1473 2092 [prisci]

355 2127 394 2202 si
412 2154 490 2204 non
508 2128 693 2230 fugerunt
709 2132 766 2205 illi
782 2158 947 2230 unquam
966 2132 1006 2206 in
1023 2134 1115 2225 acie,

357 2270 414 2346 Sit
431 2297 537 2346 meus
555 2273 652 2348 filius
665 2276 782 2373 juxta
798 2285 929 2348 eorum
946 2275 1045 2349 latus
1061 2275 1101 2348 in
1120 2300 1275 2376 sopore;

356 2413 415 2487 Sit
427 2412 492 2487 ille
504 2413 620 2513 juxta
637 2439 766 2490 corum
781 2417 878 2489 latus
896 2414 935 2490 in
949 2415 1051 2493 erice
1065 2417 1470 2504 molium-saxosarum,

359 2555 495 2630 Procul
514 2555 554 2628 in
572 2557 728 2654 regione
746 2557 905 2630 adversa
920 2553 943 2628 d
961 2555 1222 2630 cacuminibus
1240 2551 1437 2630 Morvenis

360 2694 407 2769 In
425 2695 540 2788 Lena‘t,
562 2697 671 2796 cujus
689 2709 748 2772 est
765 2722 923 2772 sonorus
939 2723 1104 2798 campus.

414 2841 437 2878 “
455 2837 542 2912 Hoc
560 2836 641 2937 ipso
660 2837 700 2911 in
717 2839 843 2928 loco,”
863 2837 967 2912 dixit
984 2863 1025 2914 os
1045 2851 1235 2929 cantuum,

365 2981 390 3017 “
407 2975 894 3078 Donniverunt'principes
913 2979 1139 3054 bellatorum
1158 2979 1227 3054 sub
1246 2977 1394 3054 tellure.

359 3117 603 3216 Tranquillus
623 3131 682 3192 est
701 3119 933 3220 Lamdargus
950 3121 990 3194 in
1009 3122 1166 3212 tumulo,

360 3261 412 3338 Et
428 3260 546 3352 Ullin,
568 3285 636 3334 rex
655 3261 834 3335 durorum
852 3260 1076 3360 gladiorum.

364 3407 550 3492 Quaenam
566 3401 695 3476 haecce
714 3415 772 3477 est
792 3427 874 3500 quse
892 3401 1058 3502 despicit
1075 3401 1096 3475 e
1112 3401 1289 3492 nubibus,

362 3547 413 3622 Et
431 3557 616 3620 monstrat
631 3545 712 3645 ejus
731 3543 896 3644 speciem
913 3541 1140 3617 honestam?

363 3687 492 3773 Quare
512 3697 570 3760 est
586 3683 756 3784 nympha
771 3683 852 3758 sine
872 3684 1026 3758 colore?

365 3827 557 3929 Nympha,
580 3825 645 3902 cui
664 3824 829 3900 cedebat
847 3824 960 3900 turba
978 3823 1214 3925 (virginum)
1236 3825 1276 3899 in
1295 3822 1467 3916 Cromla;

363 3970 424 4045 An
442 3969 619 4046 cecidisti
638 3983 693 4058 tu,
713 3967 1040 4058 manus-candida,
1062 3967 1132 4042 sub
1150 3991 1322 4068 soporem

364 4111 482 4186 Simul
500 4137 589 4186 curn
605 4108 780 4184 hostibus
797 4105 889 4184 feris
907 4108 948 4181 in
965 4109 1200 4184 certamine?

365 4253 461 4328 Filia
476 4249 682 4341 Tuathalis‚
704 4249 812 4350 cujus
831 4263 913 4324 erat
930 4253 1084 4352 elegans
1102 4252 1233 4345 forma,

367 4394 484 4469 Amor
503 4419 583 4467 eras
601 4405 645 4468 tu
662 4391 766 4466 mille
785 4391 1029 4469 bellatoribus
1040 4423 1051 4486 ;

367 4533 459 4614 Non
478 4549 559 4610 erat
576 4548 664 4610 tuus
681 4559 786 4608 amor
802 4533 875 4608 nisi
894 4533 1119 4636 Lamdargo.

298 4653 300 4656 Ι
368 4677 428 4752 Ad
446 4676 583 4750 Turam
603 4677 712 4750 venit
727 4699 886 4775 magnus
905 4676 1104 4777 princeps;

369 4817 562 4893 Percussit
581 4817 645 4892 ille
663 4829 814 4892 scutum
831 4816 1126 4916 umbonigerum
1143 4819 1306 4914 fuscum,
1386 4829 1389 4836 ’
