4172 5982
360 826 397 875 va
416 807 598 878 sal-408.
813 796 1021 875 FINGAL.

360 1023 429 1100 Est
447 1050 576 1100 eorum
594 1022 740 1100 sonitus
759 1023 860 1098 sicut
876 1022 1011 1122 hyems
1030 1047 1132 1100 saeva

360 1164 407 1242 In
426 1166 606 1242 Gormala
624 1165 813 1240 suffocata
829 1165 899 1240 sub
918 1165 1022 1239 nive.

360 1307 408 1382 In
427 1335 539 1385 curru
557 1306 727 1384 cernitur
743 1305 854 1380 heros

359 1449 384 1525 J
388 1451 523 1526 uvenis
541 1449 706 1525 eximius
724 1461 899 1524 strenuus
917 1461 1117 1524 acutorum
1135 1449 1310 1540 telorum,

362 1591 541 1668 Cucullin
560 1591 980 1667 casulem-umbonibus
998 1603 1205 1682 scutomm,

362 1734 477 1809 Filius
495 1731 606 1824 Semi,
628 1735 678 1808 de
696 1758 772 1830 quo
791 1733 911 1806 oritur
928 1757 1092 1807 carmen.

362 1873 432 1950 Est
449 1876 530 1974 ejus
548 1899 648 1974 gena
665 1874 783 1948 instar
799 1873 883 1948 taxi
901 1874 1017 1963 laevis,

360 2015 453 2116 Ejus
471 2017 613 2106 oculus,
635 2015 699 2114 qui
717 2039 794 2090 non
813 2027 895 2090 erat
911 2015 1080 2106 timidus,
1102 2016 1387 2116 se-expandens
1405 2016 1504 2132 alte·

362 2157 438 2231 Sub
458 2156 661 2258 supercilio
680 2183 809 2250 curvo,
831 2157 951 2248 fusco,
973 2169 1162 2258 angust03

362 2297 510 2400 Capillo
524 2299 624 2375 flavo
640 2299 681 2374 in
697 2300 846 2374 flammd
863 2300 1139 2400 (inflammato)
1157 2301 1260 2376 circa
1275 2301 1355 2401 ejus
1372 2311 1487 2400 caput

362 2439 660 2518 diffundente-se
679 2443 785 2518 circa
801 2441 940 2518 faciem
959 2440 1161 2543 pulchram
1172 2441 1256 2532 viri,

364 2582 468 2658 Dum
485 2583 603 2659 trahit
618 2583 764 2660 hastam
782 2583 805 2658 a
822 2595 945 2684 tergo.

318 2779 322 2787 -
364 2725 471 2825 Fuge
489 2741 542 2817 tu,
563 2739 744 2828 praestans
763 2727 844 2801 dux
862 2727 1030 2819 navium,

364 2866 470 2966 Fuge
486 2839 535 2940 ab
553 2867 679 2960 heroe,
701 2868 792 2943 dum
811 2868 919 2944 venit
936 2868 1013 2943 huc

365 3007 492 3082 Instar
509 3011 748 3110 tempestatis
766 3009 789 3085 d
806 3013 905 3086 valle
923 3011 1151 3086 torrentium
1168 3015 1208 3085 !’'

420 3157 445 3191 “
463 3151 629 3236 Quando
648 3151 733 3251 fugi
750 3177 824 3251 ego
836 3154 878 3228 ?”
898 3153 1001 3227 dixit
1019 3177 1088 3227 rex
1106 3152 1273 3245 navium,

370 3298 395 3332 “
414 3291 579 3377 Quando
599 3291 703 3390 fugit
718 3293 901 3368 Suaranus
919 3294 1114 3367 fuscorum
1133 3294 1355 3368 scutorum?

368 3433 534 3519 Quando
552 3433 737 3508 evitatum
756 3447 856 3507 esta
871 3459 933 3508 me
954 3433 1165 3533 periculum
1184 3459 1314 3533 grave,

367 3574 438 3650 Fili
455 3574 560 3666 Arni,
583 3573 682 3650 iners
702 3575 767 3674 qui
785 3574 894 3650 fuisti
913 3577 1088 3675 semper?

369 3715 537 3791 Sustinui
555 3741 630 3816 ego
647 3728 895 3818 tempestates
914 3719 1099 3792 coelorum

367 3857 415 3932 In
432 3883 577 3933 oceano
597 3857 851 3934 fremebundo
869 3884 1086 3958 asperorum
1106 3859 1305 3952 imbrium;

369 4000 537 4076 Sustinui
556 4025 630 4101 ego
649 4011 843 4078 certamen
861 4001 963 4098 quod
983 4015 1063 4075 erat
1080 4013 1202 4076 atrox.

370 4143 500 4228 Quare
517 4143 693 4242 fugerem
711 4143 791 4244 ipse
810 4169 832 4217 a
850 4143 1045 4234 conflictu,

370 4281 442 4357 Fili
459 4283 566 4373 Ami,
588 4283 696 4384 eujus
714 4295 773 4358 est
790 4283 996 4383 pigerrima
1012 4287 1172 4360 manus?

371 4423 538 4524 Surgant
554 4451 637 4500 mea
654 4426 774 4500 millia
791 4451 906 4526 super
923 4427 1037 4516 clivo,

371 4564 662 4642 Effundite-vos
680 4579 724 4642 ut
741 4567 916 4643 fremitus
936 4569 1082 4660 oceani,

372 4705 476 4782 Dum
494 4709 731 4784 decurvatur
749 4709 886 4786 flamen
904 4737 926 4785 a
946 4710 1088 4786 nimbo.
1393 4717 1496 4810 [ram.

373 4849 511 4948 Surgat
534 4849 697 4926 Lochlin
720 4853 883 4928 telorum
907 4853 1012 4928 circa
1034 4877 1157 4930 meam
1176 4853 1309 4930 duram
1333 4867 1497 4934 armatu·

426 5015 525 5069 nou.
552 5017 601 5068 11.
929 5018 957 5070 1>
