4224 5996
385 867 388 874 Δ
443 787 481 842 ν.
500 762 688 842 lassos.
900 759 1108 842 FINGAL,
1497 765 1565 839 177

441 986 503 1060 Da
519 984 624 1077 mihi,
643 1007 774 1058 manus
791 982 965 1074 candida,
982 995 1066 1058 tuns
1083 983 1291 1083 lacrymas3

442 1124 680 1200 Coacervavi
698 1149 771 1223 ego
791 1148 922 1198 corum
940 1123 1129 1197 tumulum
1150 1121 1320 1197 omnium
1337 1119 1377 1194 in
1397 1119 1510 1208 cliuo.

443 1267 499 1342 Et
515 1267 556 1341 in
572 1267 666 1342 hor-d
683 1267 753 1341 sub
771 1291 885 1341 manu
902 1265 1005 1364 regis

442 1406 598 1484 Cecidit
616 1410 793 1510 princeps
811 1409 852 1482 in
869 1407 1054 1483 conflictu
1068 1405 1111 1482 in
1128 1405 1210 1508 ejus
1228 1401 1413 1494 dolorem,

442 1549 591 1650 Capillo
609 1575 705 1625 cano
724 1573 836 1649 super
851 1549 1112 1624 mole-saxosi
1129 1547 1245 1622 saltds

440 1688 620 1765 Elevavit
637 1690 702 1766 ille
720 1716 829 1766 suum
847 1691 1002 1766 oculum
1020 1689 1067 1767 ad
1086 1699 1201 1788 ceput
1220 1683 1393 1786 agminis.
1561 1791 1564 1800 Ι

496 1831 645 1906 “Tune
663 1835 743 1923 cs,'’
762 1830 889 1929 inquit
905 1841 1017 1904 natus
1036 1827 1206 1923 Cumale‚
1231 1832 1254 1873 “
1274 1829 1341 1926 qui
1357 1825 1421 1901 hic
1441 1825 1558 1901 ades?

442 1971 578 2047 Amice
595 1972 740 2047 dilecte
758 1971 1027 2070 Agandeccael

443 2109 536 2186 Vidi
556 2105 630 2211 ego
648 2124 732 2187 tuas
749 2113 937 2211 lacrymas
955 2114 1186 2212 intempore

444 2254 534 2340 Quo
552 2253 696 2329 cecidit
713 2253 825 2353 virgo
847 2252 1024 2328 formosae
1042 2277 1165 2352 geuae.

444 2393 578 2470 Hostis
594 2393 761 2470 hostium
778 2394 854 2469 mei
871 2394 1019 2486 amoris,

446 2533 685 2610 Cecidistine
703 2547 748 2610 tu
764 2547 971 2612 retrorsum
990 2537 1061 2612 sub
1079 2559 1165 2610 meo
1183 2535 1342 2636 gladio?

444 2676 565 2768 Tolle,
586 2675 707 2768 Ullin,
727 2678 821 2752 tolle
840 2677 878 2752 in
895 2679 1015 2753 altum
1035 2678 1117 2778 ejus
1134 2677 1285 2768 famam,

446 2817 582 2893 Conde
601 2817 828 2894 Mathonem
847 2819 916 2893 sub
934 2819 1110 2894 tellurem
1129 2819 1170 2892 in
1187 2819 1298 2908 valle,

445 2957 570 3034 Trade
587 2983 728 3034 nomen
744 2957 873 3034 herois
891 2959 991 3034 senis
1009 2959 1139 3034 cantui
1180 2962 1358 3057 [unorum
1376 2959 1568 3052 virorum;

448 3100 527 3186 Qui
544 3098 745 3200 suspiravit
757 3099 930 3200 graviter
943 3123 1054 3201 super
1065 3099 1217 3200 virgine
1229 3125 1461 3176 summorum
1473 3111 1567 3176 stre·

446 3237 517 3315 Est
533 3239 673 3316 blanda
687 3264 775 3315 mco
792 3239 919 3315 animo
937 3240 1108 3341 nympha
1124 3242 1290 3334 navium,

447 3381 544 3467 Quae
562 3363 667 3481 cepit
684 3380 921 3456 domicilium
940 3383 1009 3457 sub
1027 3382 1208 3458 colliculo
1225 3381 1453 3458 Ardvenae.'’

495 3523 632 3598 Audiit
649 3521 830 3598 Cucullin
847 3546 870 3596 a
885 3524 987 3598 mole
1005 3526 1142 3600 saxosd

445 3664 632 3765 Asperum
650 3664 816 3740 sonitum
833 3663 998 3739 telorum
1017 3663 1056 3737 in
1075 3667 1294 3758 certamine,

448 3805 505 3880 Ut
517 3805 675 3906 jacebat
691 3805 731 3878 in
750 3803 905 3880 Cromld
923 3809 1133 3882 cavernosa

447 3945 523 4020 Sub
543 3947 651 4021 luctu
669 3971 691 4022 a
708 3945 894 4022 conflictu
910 3947 993 4022 sine
1011 3947 1184 4024 victorid.

448 4085 617 4164 Vocavit
633 4086 698 4160 ille
718 4085 901 4164 Conalem
919 4100 1117 4164 acutorum
1135 4091 1299 4165 telorum

447 4225 498 4302 Et
517 4226 694 4302 Carulem
712 4253 841 4304 senem
860 4255 910 4305 ex
929 4242 1103 4330 tempore
1120 4231 1257 4331 prisco.

448 4369 648 4445 Venerunt
663 4370 802 4446 heroes
818 4372 903 4446 cani

447 4509 644 4587 Tollentes
663 4525 772 4588 scuta
789 4513 829 4586 iu
846 4513 1013 4614 planitie,

373 4755 384 4782 ⁶
446 4650 648 4730 Venerunt
665 4668 705 4728 ct
722 4654 902 4730 viderunt
919 4656 974 4729 illi
994 4682 1014 4731 e
1032 4655 1189 4756 regione
1206 4657 1365 4736 adversd

448 4791 606 4868 Flumen
624 4794 843 4871 certaminis
861 4809 904 4872 ut
922 4797 1069 4872 fluxum
1087 4799 1221 4873 oceani

433 5021 437 5029 Ι
500 4959 596 5009 rou.
620 4961 670 5013 11.
1012 4964 1039 5013 u
