4194 6006
363 777 402 831 v.
423 760 605 866 sar-ssa
804 753 1034 830 marona
1412 763 1484 840 sos

362 976 539 1052 Vidimus
557 1002 625 1052 nos
637 977 822 1078 juvenem
840 977 1021 1054 Oscarem
1038 999 1150 1076 super
1167 975 1315 1074 clypeo,
1352 974 1475 1070 [latus.

360 1117 412 1192 Et
425 1119 506 1218 ejus
525 1119 678 1193 rubrum
696 1117 919 1217 sanguinem
940 1117 1230 1192 circumflexum
1250 1115 1354 1189 circa
1371 1137 1479 1188 suum

360 1257 447 1332 Fuit
463 1257 717 1356 tranquillitas¹
736 1258 840 1333 circa
857 1257 1005 1332 vultum
1024 1256 1210 1356 cujusque
1227 1254 1410 1354 principis

361 1397 621 1472 vertentis-se
642 1396 785 1497 (retro)
805 1396 853 1470 ad
871 1419 978 1470 suum
997 1407 1149 1494 tergum
1166 1396 1237 1471 sub
1255 1395 1444 1496 lacrymis.

359 1537 453 1614 Erat
472 1563 541 1614 rex
559 1539 755 1614 occultans
773 1561 856 1610 suas
875 1537 1060 1636 lacrymas
1078 1537 1214 1636 ipsius3

359 1678 451 1753 Erat
468 1691 605 1754 ventus
624 1680 646 1754 b
663 1691 793 1754 monte
811 1679 851 1752 in
871 1679 1088 1779 ejusbarbd
1107 1680 1224 1771 cand;

359 1818 567 1893 Inclinavit
585 1820 648 1896 ille
667 1845 774 1894 suum
793 1833 907 1918 caput
925 1843 1035 1919 super
1053 1831 1272 1912 strenuum3

361 1957 516 2034 Cecidit
533 1960 733 2060 suspirium
752 1960 853 2034 inter
867 1959 984 2034 verba
1000 1959 1174 2060 principi.

413 2100 511 2172 “An
529 2100 704 2176 cecidisti
722 2116 776 2190 tu,
797 2099 918 2174 Oscar
935 2097 1091 2196 egregie
1110 2098 1282 2192 telorum,

358 2239 405 2314 In
422 2240 549 2314 medio
568 2240 623 2314 tui
642 2241 761 2340 asperi
782 2239 927 2316 itineris
946 2238 1085 2338 ipsius!

358 2379 427 2454 Est
444 2405 512 2455 cor
529 2381 737 2457 senectutis
755 2379 825 2455 sub
843 2378 1049 2454 luctamine

358 2519 596 2620 Adspectans
614 2519 819 2594 certamina
833 2545 916 2617 quae
930 2519 1173 2620 pertinebant
1184 2520 1232 2594 ad
1250 2521 1458 2623 principem

360 2658 570 2735 Conllictus
589 2661 726 2759 quibus
744 2673 825 2734 erat
844 2685 992 2758 aequum
1011 2659 1143 2735 adesse
1160 2659 1248 2752 huc,

358 2797 409 2873 Et
427 2800 491 2896 qui
509 2799 699 2874 decurtati
717 2813 803 2872 sunt
821 2797 843 2872 d
860 2801 926 2874 tud
944 2800 1056 2875 fama.

359 2939 524 3025 Quando
542 2937 730 3013 habitabit
748 2939 881 3012 laetitia
899 2939 938 3012 in
956 2941 1106 3015 Selmd?

358 3078 523 3165 Quando
540 3077 723 3177 migrabit
737 3079 862 3153 luctus
880 3078 902 3152 d
920 3081 1136 3154 Morvene?

359 3218 475 3295 Cadit
492 3220 541 3295 de
559 3235 729 3318 tempore
748 3220 786 3294 in
805 3233 956 3320 tempus
974 3245 1058 3294 mea
1074 3221 1221 3319 proles‚;

356 3358 426 3434 Est
444 3359 576 3458 Fingal
596 3358 634 3432 in
652 3360 727 3434 fine
745 3359 801 3434 sui
819 3361 983 3436 seminis.

356 3498 448 3572 Med
465 3497 566 3572 fama
583 3498 803 3573 subsidente
822 3498 999 3572 deorsum
1016 3497 1038 3574 a
1056 3501 1179 3594 laude,

357 3637 440 3713 Erit
456 3663 540 3713 mea
557 3651 732 3714 senectus
751 3639 819 3714 sub
838 3639 990 3713 miseria
1006 3638 1088 3713 sine
1106 3641 1250 3734 amicis,

357 3779 465 3854 Sicut
480 3781 601 3856 nubes
620 3806 669 3855 ex
689 3805 828 3880 vapore
846 3782 885 3854 in
902 3805 988 3856 meo
1005 3779 1201 3856 domicilio
1220 3781 1348 3884 ipsius.

356 3919 447 3994 Non
465 3920 615 3995 audiam
634 3947 707 4021 ego
726 3922 890 3998 reditum
909 3921 931 3996 d
948 3937 1079 3996 monte
1098 3923 1260 3998 liliorum

355 4057 403 4134 In
420 4058 544 4133 media
560 4061 847 4159 magnificentia
864 4074 904 4136 et
920 4062 1181 4140 dominatione
1200 4091 1398 4142 armorum.

358 4195 507 4272 Cadant
523 4199 697 4298 lacrymae
714 4197 737 4272 d
755 4200 997 4278 bellatoribus
1016 4204 1237 4300 Morvenis;

356 4337 468 4413 Haud
488 4357 620 4438 surget
636 4338 756 4414 Oscar
767 4339 922 4439 juvenis
941 4343 980 4416 in
998 4350 1221 4422 aeternum.”

406 4479 605 4554 Cadebant
622 4482 811 4579 lacryma,
832 4507 856 4556 o
873 4507 943 4557 rex
960 4485 1185 4582 gladiomm,

357 4619 468 4694 Haud
488 4634 568 4696 erat
585 4645 713 4699 eorum
732 4647 835 4696 amor
851 4649 985 4721 parcus
1004 4649 1097 4723 erga
1113 4628 1348 4729 principem3

353 4759 543 4860 Pergebat
561 4761 625 4838 ille
647 4761 693 4836 ad
713 4777 906 4850 certamen
924 4764 1100 4856 vallium;
