4224 5996
353 799 390 856 r.
416 781 544 852 18-45.
809 775 1016 852 FINGAL.
1407 785 1474 860 189

350 996 430 1070 Aut
447 995 597 1072 flamine
616 997 718 1096 quod
737 1009 796 1073 est
814 997 1020 1073 vehemens
1038 995 1078 1070 in
1097 995 1260 1084 Cromla

353 1137 518 1223 Quando
537 1138 745 1214 flectuntur
762 1139 915 1213 arbores
934 1161 1086 1212 ramosae
1104 1135 1345 1236 scopulorum

352 1279 387 1352 A
403 1279 580 1380 procellis
598 1280 746 1380 magnis
766 1280 806 1354 in
824 1291 995 1380 tempore
1012 1277 1150 1354 noctis.

400 1420 470 1495 Est
485 1421 584 1496 felix
604 1432 690 1496 tuus
708 1422 878 1522 populus,
901 1445 924 1494 o
942 1445 1011 1494 rex
1029 1421 1205 1510 telorum,
1377 1422 1470 1516 [nas,

352 1561 422 1636 Est
437 1574 505 1636 tua
517 1587 648 1637 manus
661 1587 744 1660 quae
758 1561 947 1663 percussit
959 1560 1181 1659 [commisit]
1193 1559 1361 1660 singulas
1374 1587 1470 1662 pug-

351 1703 410 1777 Tu
429 1729 468 1778 es
485 1703 653 1778 maxime
672 1715 845 1779 strenuus
864 1703 964 1778 inter
981 1701 1217 1792 certandum,

351 1843 411 1918 Tu
429 1843 508 1944 ipse
526 1869 566 1918 es
584 1857 755 1946 tempore
774 1843 876 1945 pacis
895 1842 1203 1943 sapientissimus.

352 1985 436 2059 Tuo
453 1973 633 2060 mandato
650 1997 786 2086 parent
801 1983 944 2075 millia3

353 2125 541 2200 Tremunt
557 2125 710 2226 agmina
726 2125 828 2200 haud
846 2125 981 2199 timida
997 2149 1074 2226 prae
1088 2135 1156 2200 tuo
1173 2123 1288 2200 ferro.
1357 2133 1364 2152 ‘

353 2267 465 2342 Felix
484 2279 543 2342 est
559 2279 647 2342 tuus
664 2269 835 2369 populus,
856 2292 929 2342 rex
948 2267 1123 2357 telorum,

355 2407 432 2493 Qui
452 2408 559 2482 venis
577 2406 600 2482 d
617 2407 836 2508 praecipitiis
854 2408 987 2484 Selmae
1005 2407 1172 2482 vallium.

405 2549 502 2634 Quis
521 2559 579 2624 est
596 2560 730 2624 torvus
749 2549 788 2623 in
807 2549 911 2625 clivo

355 2689 403 2763 ln
420 2689 566 2764 tonitru
584 2688 694 2764 fusco
712 2690 860 2764 itineris
879 2690 964 2765 sui?

356 2830 452 2917 Quis
470 2830 543 2905 nisi
562 2831 660 2906 filius
678 2831 801 2906 Starni
819 2843 1013 2907 scutorum

357 2971 542 3057 Quaerens
559 2997 690 3071 regem
709 2972 906 3046 Morvenis
925 2985 1130 3049 strenuum.

355 3113 495 3213 Aspice
512 3125 554 3188 tu
572 3115 795 3189 conflictum
813 3112 973 3188 duomm
990 3113 1160 3210 heroum,

355 3254 433 3341 Qui
452 3265 510 3328 est
528 3253 645 3328 instar
662 3253 834 3353 fragoris
846 3255 886 3328 in
904 3253 1005 3329 facie
1023 3255 1170 3346 oceani,

357 3394 457 3469 Cum
474 3407 681 3470 occurrunt
698 3395 775 3472 duo
793 3394 1130 3496 spectra-terrifica
1146 3395 1186 3469 in
1204 3410 1321 3474 vento

356 3535 405 3610 In
422 3559 554 3636 aspero
573 3535 782 3610 certamine
800 3559 910 3636 super
928 3536 1180 3612 inclinatione
1198 3538 1395 3614 fluctuum.
1491 3579 1494 3586 ·

355 3677 477 3752 Audit
494 3689 655 3751 venator
671 3677 787 3776 longe
805 3678 826 3752 ὲ
845 3678 1003 3776 regione
1021 3679 1181 3754 adversa

357 3820 532 3893 Sonitum
543 3844 723 3919 magnum
734 3819 881 3894 lentum
895 3833 1132 3919 specttorum
1146 3822 1487 3916 contendentium

359 3960 494 4036 Cernit
512 3961 575 4036 ille
594 3985 778 4037 oceanum
796 3960 1067 4036 advenientem
1092 3962 1204 4061 [huc]
1227 3963 1275 4038 ad
1294 3989 1334 4039 se

358 4101 393 4176 A
409 4102 511 4177 terrd
529 4101 728 4176 Gallorum
746 4101 795 4176 ad
815 4126 999 4178 cacumen
1017 4104 1174 4179 saltds.’'

408 4245 527 4318 Fuere
544 4243 627 4318 haec
645 4255 710 4317 tua
727 4243 843 4334 dicta,
867 4241 989 4318 Conal
1008 4245 1158 4336 blande,

358 4384 523 4470 Quando
542 4395 795 4460 occurrerunt
813 4385 1017 4461 bellatores
1036 4387 1075 4460 in
1094 4411 1293 4482 concursu,

357 4526 467 4600 Tunc
488 4526 623 4600 extitit
639 4526 786 4602 tonitru
802 4525 1035 4602 horrendum
1055 4553 1242 4604 armorum
1256 4558 1268 4622 ;

360 4666 479 4740 Fuere
498 4667 599 4742 ictus
618 4691 746 4768 eorum
769 4667 891 4768 asperi
911 4681 952 4742 et
968 4669 1113 4768 plagae3

358 4805 416 4884 Ut
434 4820 589 4883 centum
607 4811 720 4884 tudes
738 4823 940 4908 surgentes
960 4811 1047 4901 alte,
