4194 6006
356 831 393 885 v.
415 810 598 888 stesso.
823 805 1030 884 FINGAL

352 1032 440 1107 Fuit
456 1031 547 1108 inde
564 1033 742 1133 princeps
760 1029 927 1106 virorum
944 1029 1097 1106 nubilus
1115 1030 1247 1107 vultu:

350 1170 523 1246 Videbat
539 1172 775 1248 immobilem
794 1197 876 1248 esse
893 1171 1149 1247 exadversum

351 1311 493 1386 Saxum
512 1311 583 1386 viri
601 1311 703 1387 haud
722 1312 820 1388 tardi
837 1313 937 1388 inter
953 1313 1181 1390 venandum.

356 1459 381 1494 “
399 1452 511 1526 Haud
531 1477 705 1552 resurges
723 1467 776 1549 tu,
796 1455 850 1528 fili
869 1455 932 1547 mi,

350 1593 410 1667 Ad
429 1593 653 1668 convivium
671 1606 738 1669 aut
754 1620 894 1695 agmen
911 1597 952 1670 in
967 1595 1078 1672 fusco
1100 1595 1262 1672 Cromlae
1280 1597 1405 1688 clivo:

353 1733 444 1809 Cito
462 1747 711 1834 conspectum
728 1735 856 1836 fugiet
873 1736 1116 1838 sepulchrum
1134 1749 1252 1831 tuum,

353 1874 492 1950 Herbis
510 1877 832 1954 marcescentibus
852 1876 1144 1954 circumdatum.

352 2016 561 2116 Progenies
579 2018 806 2117 ignavorum
823 2018 1063 2094 descendens
1083 2019 1104 2094 ὲ
1122 2029 1254 2093 monte

353 2158 438 2233 Nec
457 2170 591 2233 cernet
608 2184 682 2234 nec
701 2171 846 2258 quaeret
862 2143 1052 2236 tumulum
1068 2171 1188 2236 tunm.

402 2299 573 2392 Ossiane‚
594 2299 824 2397 Fillaneque,
846 2300 915 2374 tilii
932 2299 1067 2375 virium
1088 2325 1268 2392 mearum,
1308 2277 1312 2286 ¹
1357 2305 1467 2402 [tura

353 2441 478 2531 Galle,
493 2439 687 2539 agminum
698 2440 790 2532 dux,
806 2441 915 2542 cujus
929 2439 1093 2516 maxime
1108 2443 1268 2518 caerulea
1283 2455 1342 2519 est
1354 2469 1473 2522 arma-

353 2582 562 2658 Ascendite
579 2581 717 2656 faciem
737 2579 934 2657 clivorum.

353 2723 483 2798 Facite
497 2734 540 2796 ut
556 2723 749 2796 inveniam
768 2723 993 2823 principem,
1011 2725 1075 2821 qni
1093 2724 1133 2797 in
1148 2749 1266 2825 specu
1278 2725 1388 2803 Turre
1402 2739 1472 2815 est,

354 2863 485 2938 Facite
495 2877 539 2938 ut
550 2863 743 2941 inveniam
754 2863 965 2965 principem
975 2863 1106 2939 Iernes
1117 2865 1476 2965 fugarum-effecto·

353 3004 471 3080 Estne
489 3031 617 3080 murus
633 3007 745 3080 Turae
765 3031 878 3106 quem
895 3005 1011 3084 video
1029 3007 1070 3080 in
1088 3007 1271 3082 excelso?
1363 3010 1470 3105 [rem.

352 3146 460 3221 Solus
479 3171 671 3245 canusque
690 3147 729 3221 in
742 3146 842 3247 jugo
1472 3130 1474 3134 ⁵

352 3287 536 3388 Princeps
554 3287 788 3364 concharum
806 3286 1015 3386 genialium
1033 3297 1207 3364 versatur
1223 3288 1263 3362 in
1281 3287 1413 3384 luctu;

352 3429 452 3506 Aula
468 3430 940 3530 poculorum-corneorum
958 3430 1069 3504 silet:

354 3571 483 3646 Facite
500 3581 544 3645 ut
562 3570 753 3646 inveniam
773 3568 1016 3646 Cucullinem
1033 3569 1372 3666 victoriis-notum,

353 3709 645 3809 Exhibcamque
663 3710 845 3810 gaudium
865 3711 946 3811 ejus
963 3712 1199 3788 viris-lectis.

253 3905 256 3912 -
353 3852 507 3948 Ille-ne,
530 3852 684 3942 Fillane,
707 3863 766 3926 est
784 3851 966 3966 Cucullin
983 3853 1248 3969 exadyersum,

354 3995 415 4070 An
432 3994 559 4070 fumus
578 3993 618 4068 in
634 3993 871 4070 mole-saxeo
888 3993 991 4071 illius
1008 3996 1149 4073 ericae?

357 4134 518 4211 Cromlae
537 4120 674 4212 ventus
693 4134 815 4210 officit
832 4135 963 4227 oculis,

354 4276 572 4377 Totumque
588 4276 689 4353 haud
708 4277 824 4352 video
842 4275 968 4353 heroa

409 4425 432 4458 “
447 4417 573 4507 Rex‚”
592 4418 789 4519 respondit
800 4419 966 4520 juvenis,

360 4565 385 4600 “
403 4557 474 4631 Vir
492 4559 556 4632 ille
575 4559 740 4636 eximius
759 4573 799 4636 et
816 4561 915 4636 filius
933 4563 1044 4654 Semi,

356 4699 529 4775 Tristitia
546 4679 746 4801 oppressus
763 4703 883 4778 tacite
899 4703 1019 4802 luget,

356 4841 641 4942 Insurgensque
658 4867 789 4919 manus
807 4845 977 4944 gladium
995 4845 1197 4946 capessit.''
