4194 6006
346 795 384 846 v.
402 776 588 848 alt-242.
803 763 1010 841 FINGAL.
1397 773 1470 838 208

398 999 423 1036 “
439 993 501 1066 An
520 988 664 1066 cecidit
682 986 746 1063 ille
765 975 830 1086 qui
849 999 930 1064 erat
946 988 1064 1062 velox
1083 986 1121 1062 in
1141 987 1317 1063 venando
1329 987 1371 1064 ?”

346 1133 461 1208 Dixit
478 1157 548 1208 rex
567 1127 775 1221 Morvenis‚
794 1127 906 1229 ‘cujus
925 1139 1005 1202 erat
1021 1127 1203 1202 altissima
1218 1126 1329 1218 fama,

351 1283 375 1319 “
391 1275 473 1366 Vir,
496 1275 561 1372 qui
581 1271 766 1348 currebas
783 1279 920 1343 taxum
938 1266 1130 1360 eximiam,

346 1417 439 1493 Non
457 1429 539 1492 erat
554 1413 696 1490 notitia
711 1410 770 1486 tui
787 1408 860 1484 nisi
877 1435 990 1510 parca
1006 1407 1101 1483 mihi
1118 1405 1188 1508 ipsi
1201 1403 1220 1499 ς’

215 1605 218 1610 ·
347 1558 477 1645 Quare
496 1555 640 1631 cecidit
656 1553 777 1628 Roena
795 1553 836 1625 in
853 1551 1018 1651 proelio?

346 1697 494 1788 Dormi,
516 1694 672 1796 egregie
689 1692 811 1782 heros,
831 1693 873 1766 in
892 1691 1008 1766 Lena

345 1839 438 1916 Non
456 1807 614 1936 longum
633 1837 707 1911 erit
724 1845 929 1931 antequam
948 1829 1179 1931 conspiciam
1196 1830 1457 1924 lectissimum,

347 1977 438 2052 Non
457 1977 633 2052 audietur
647 2001 733 2050 mea
749 2000 828 2050 vox
847 1980 987 2071 'magna
1004 1971 1043 2045 in
1063 1983 1257 2064 aeternum,

347 2115 492 2192 utnon
510 2116 583 2190 erit
601 2139 707 2190 meus
725 2139 853 2216 passus
872 2112 913 2187 in
929 2113 1049 2186 latere
1067 2113 1321 2215 scopulorum.

345 2258 584 2357 Eloquentur
600 2256 710 2332 bardi
727 2279 868 2330 nomen
883 2253 996 2353 regis,

347 2398 571 2498 Loquentur
587 2362 679 2472 saria
696 2398 811 2472 saltus
829 2397 879 2471 de
896 2395 980 2496 ejus
996 2393 1163 2470 nomine.

347 2540 417 2616 Est
434 2539 556 2622 Rorna
572 2537 684 2615 valde
701 2536 853 2612 humilis
873 2535 955 2612 sine
973 2535 1132 2627 viribus,

347 2680 399 2756 Et
415 2705 493 2755 non
510 2679 679 2754 surrexit
696 2679 776 2779 ejus
794 2677 895 2752 fama
912 2678 952 2751 in
969 2677 1100 2751 altum.

346 2821 465 2913 Ullin,
488 2834 606 2920 tange
624 2831 668 2894 tu
687 2819 873 2897 citharam
892 2821 1039 2913 laevem,

347 2959 489 3036 Excita
504 2973 549 3036 tu
567 2973 723 3036 cantum
741 2961 790 3035 de
809 2959 996 3036 bellatore
1015 2960 1080 3058 qui
1098 2958 1203 3050 abiit,

346 3100 442 3176 Vale
459 3113 513 3192 tu,
533 3101 653 3201 prime
671 3100 732 3176 vir
749 3102 789 3175 in
806 3127 952 3202 campo,

347 3241 439 3317 Non
457 3241 669 3343 prohibebo
687 3267 761 3341 ego
778 3245 826 3318 ab
845 3243 1055 3318 aberrando
1072 3255 1177 3317 tuam
1197 3240 1387 3340 sagittam,

347 3383 407 3459 Tu
426 3383 491 3482 qui
510 3407 590 3457 eras
607 3383 884 3483 pulcherrimus
902 3384 1003 3458 inter
1018 3383 1295 3474 adolescentes,

348 3523 440 3599 Non
458 3549 610 3599 cernam
629 3547 703 3624 ego
720 3536 760 3598 te
777 3523 818 3597 in
837 3525 1198 3599 atomum-vale?

399 3665 488 3739 Fuit
505 3689 606 3764 gena
623 3665 725 3764 regis
744 3667 813 3740 sub
833 3665 1022 3740 effusione
1038 3665 1341 3766 lachrymarum3
1363 3759 1366 3766 Ι
1474 3715 1475 3720 =

348 3804 545 3882 Terribilis
564 3804 642 3880 fuit
658 3805 699 3878 in
718 3805 925 3882 certamine
943 3807 1025 3908 ejus
1043 3807 1154 3900 filius,

349 3947 441 4050 Ejus
459 3947 569 4039 filius,
591 3947 656 4046 qui
675 3960 755 4022 erat
773 3948 905 4022 similis
923 3947 1067 4048 fulguri
1085 3949 1268 4025 coelorum

349 4091 409 4166 Ab
429 4091 507 4166 alto
526 4103 659 4168 monte
678 4091 725 4166 ad
744 4091 942 4195 planitiem
958 4091 999 4164 in
1017 4101 1147 4182 nocte,

351 4230 516 4318 Quando
536 4232 641 4306 cadit
658 4232 756 4326 silva
773 4244 863 4307 ante
881 4233 961 4334 ejus
979 4258 1119 4334 passus,

338 4370 403 4450 Et
419 4357 479 4449 cst
495 4373 621 4448 viator
638 4375 720 4475 ejus
739 4356 808 4448 sub
827 4373 966 4450 damno
987 4375 1070 4449 sine
1088 4375 1199 4466 luce;

350 4516 404 4594 At
421 4515 557 4616 sepelit
575 4532 713 4593 ventus
732 4519 863 4618 ignem
881 4545 932 4596 ex
950 4517 1111 4593 adverso
1381 4517 1467 4613 [rus.

352 4655 445 4732 Post
464 4655 616 4733 dorsum
634 4658 1042 4750 molium-saxosamm,
1064 4669 1104 4732 et
1126 4669 1184 4732 est
1207 4656 1309 4732 orbis
1332 4655 1470 4731 obscu-

404 4803 429 4841 “
447 4800 706 4886 Quamobrem
725 4811 783 4874 est
799 4798 982 4874 memoria
998 4798 1112 4898 hujus
1130 4796 1267 4873 tumuli
1285 4795 1418 4874 viridis
1429 4795 1472 4870 ?''

350 4937 466 5015 Dixit
481 4940 617 5041 Fingal
634 4939 866 5018 concharum
882 4938 1137 5044 hospitalium,
