4172 5982
353 851 397 902 v·
416 823 600 912 296-324.
830 817 1035 895 FINGAL.

380 1045 439 1122 Ut
454 1045 522 1122 nix
544 1045 614 1122 sub
632 1043 711 1120 s'ole
729 1043 768 1117 in
787 1041 902 1118 erici„

384 1185 540 1263 Cecidit
556 1187 687 1262 Iernes
705 1185 809 1260 circa
827 1209 1015 1260 secessum
1034 1195 1277 1284 spectrorum,

434 1333 461 1370 “
478 1329 606 1403 Proles
623 1327 790 1419 Iemes,”
809 1325 912 1402 dixit
929 1325 1089 1400 Grumal
1107 1323 1188 1397 sine
1207 1324 1345 1414 colore,

388 1469 498 1544 “Est
517 1469 678 1545 Lochlin
696 1468 796 1542 inter
812 1465 1089 1565 insequendum
1108 1461 1131 1538 ὲ
1153 1475 1266 1562 tergo
1283 1473 1423 1538 nostro,
1467 1565 1472 1576 ι

385 1611 491 1697 Quid
509 1610 627 1700 statis,
646 1583 699 1684 ut
708 1607 921 1698 arundines,
943 1616 1079 1680 contra
1095 1607 1242 1680 undas?

386 1750 600 1828 Confestim
617 1749 744 1848 fugite
767 1748 813 1823 ad
832 1745 1091 1848 promontoria
1109 1745 1257 1820 cervi.’'

385 1892 502 1990 Fugit
519 1893 598 1991 ipsc
614 1903 659 1965 ut
677 1913 814 1964 cervus
833 1887 872 1960 in
890 1887 1002 1988 plano
1021 1887 1172 1980 montis,

299 1997 302 2004 ¹
387 2031 508 2106 Hasta
524 2030 642 2104 instar
659 2029 787 2106 bacilli
809 2027 857 2102 ad
877 2029 957 2130 ejus
976 2028 1084 2103 latus.

388 2169 501 2245 Haud
518 2171 667 2270 plurimi
686 2171 973 2271 capessiverunt
990 2169 1065 2244 iter
1081 2169 1272 2270 trepidum

387 2310 486 2385 Cum
504 2311 696 2404 Grumale,
717 2312 826 2412 cujus
843 2323 951 2386 erant
969 2309 1064 2384 viles
1080 2309 1242 2400 exuviae,

389 2451 626 2528 Ceciderunt
642 2452 698 2526 illi
715 2453 754 2526 in
773 2451 957 2527 conflictu
973 2449 1129 2524 fortium

391 2591 506 2668 Circa
521 2617 652 2694 rupem
670 2594 781 2668 ericae
800 2594 840 2666 in
858 2594 972 2668 Leni.

437 2733 484 2808 In
502 2759 616 2810 curru
633 2759 773 2834 magno
791 2733 1212 2835 lapillorum-virtutum

390 2871 631 2950 Cernebatur
647 2875 807 2951 sublime
825 2899 991 2950 summus
1008 2876 1185 2976 princeps
1203 2873 1355 2964 lernes3

388 3012 694 3088 Trucidabnntur
710 2993 756 3090 ab
773 3011 839 3088 illc
856 3013 991 3090 heroes
1009 3041 1031 3088 a
1048 3015 1308 3116 septentrione

391 3153 442 3229 Et
458 3155 644 3231 allocutus
664 3170 722 3260 est
741 3155 924 3230 Conalem
941 3155 1190 3230 liberalitatis.

395 3299 420 3334 “
438 3293 569 3385 Conui,
591 3320 734 3369 summe
751 3296 927 3395 princeps
944 3295 1122 3386 virorum,

393 3435 471 3520 Qui
486 3435 700 3531 (erudiisti)
715 3435 909 3510 nutrivisti
922 3435 970 3509 ad
982 3461 1076 3536 opus
1088 3436 1224 3511 mortis
1238 3459 1358 3510 meam
1370 3459 1533 3525 manum,

392 3575 475 3650 Etsi
492 3575 596 3676 fugit
613 3601 742 3651 semen
758 3576 890 3652 Iemes
906 3575 952 3652 ab
969 3601 1129 3676 aequore,

392 3715 667 3790 Sustinebirnus
682 3742 752 3792 nos
770 3730 964 3792 certamen
983 3743 1070 3793 cum
1088 3715 1257 3792 advenis.

394 3854 511 3930 Carul
529 3883 578 3933 cx
598 3869 767 3957 tempore
785 3859 888 3957 quod
905 3858 1009 3952 abiit,

394 3995 539 4097 Recipe
557 4010 596 4072 te
614 4023 701 4073 cum
718 3999 812 4074 meis
828 4001 958 4078 amicis
976 4001 1024 4076 ad
1043 4003 1182 4078 collem
1198 4001 1306 4076 illum
1322 4001 1443 4093 ultra3

395 4134 526 4230 Conal,
548 4151 607 4213 sta
617 4138 734 4238 juxta
750 4166 878 4216 meum
896 4144 1017 4218 telum

394 4278 454 4353 Ad
471 4281 772 4356 conservandum
789 4279 812 4356 ὲ
828 4282 967 4358 damno
984 4283 1157 4383 fugam.''

444 4421 598 4496 Insiluit
617 4421 737 4498 Conal
754 4423 794 4497 in
812 4449 962 4500 currum
982 4427 1252 4518 victoriarum

397 4558 664 4637 Cemebantur
680 4589 792 4662 supra
809 4577 916 4639 scuta
932 4591 1071 4665 magna
1087 4581 1340 4664 strenuorum,

396 4699 453 4776 Ut
470 4701 559 4775 luna
575 4703 794 4802 nigrescens
812 4706 882 4779 sub
899 4709 1300 4804 moestd-obscuritcte,

397 4839 508 4915 Soror
524 4843 685 4942 superba
703 4847 896 4922 stellarum
914 4849 1013 4940 coeli,

396 4979 499 5056 Dum
518 4985 762 5084 progreditur
779 4985 889 5064 fusca
906 4990 953 5064 ab
970 4991 1130 5084 oriente,

449 5147 546 5202 rou.
570 5153 617 5203 11.
980 5163 1003 5210 c
