4194 6006
378 783 416 834 v.
439 765 626 836 ars-ara
827 758 1056 834 rumores.
1201 729 1216 776 ³
1430 765 1504 834 ms

371 981 640 1078 splendentem
659 979 698 1052 in
716 981 783 1054 tua
799 1005 913 1056 manu
930 982 1030 1056 inter
1047 981 1293 1080 surgendum.

373 1122 443 1196 Fili
464 1123 660 1196 llorvenis
679 1121 869 1220 sylvarum
888 1119 1093 1209 fuscarum,

372 1263 526 1336 Hastam
540 1263 656 1362 justae
674 1259 859 1359 superbiae
877 1271 1034 1334 centum
1053 1283 1196 1358 regum,

372 1405 539 1478 Mortem
557 1405 595 1477 in
616 1403 714 1477 saltu
734 1399 897 1476 strenuis
915 1399 1136 1497 antiquitus,

372 1544 478 1618 Cede
497 1569 588 1632 eam,
609 1557 697 1617 nate
716 1542 887 1628 Ossiano,
909 1540 989 1613 sine
1008 1539 1231 1630 certatione,

373 1686 480 1760 Cede
499 1709 580 1759 eam
602 1681 756 1759 Carbari
779 1683 998 1757 curruum.’‘

425 1825 527 1898 “An
545 1826 676 1900 cedam
697 1825 809 1920 ego‚”
829 1836 887 1896 est
906 1823 1007 1920 quod
1027 1821 1223 1924 respondit
1241 1835 1426 1914 strenuus,

376 1966 541 2050 “Quam
560 1963 668 2036 dedit
686 1988 755 2036 rex
776 1963 905 2037 Iernes
923 1965 1117 2063 plagarum
1136 1963 1320 2054 durarum,
1391 1963 1487 2063 [ipsi,

371 2105 495 2190 Quam
519 2103 628 2176 dedit
653 2103 858 2177 Cormacus
883 2103 1104 2202 capillorum
1130 2102 1372 2205 pulchrorum
1398 2104 1491 2179 mihi

374 2245 539 2330 Quando
558 2244 737 2344 dissipavi
756 2269 829 2342 ego
849 2243 919 2318 sub
938 2243 1018 2317 ictu
1037 2246 1379 2344 septentrionales?

374 2384 474 2458 Veni
496 2408 569 2481 ego
587 2384 634 2458 ad
653 2386 773 2458 aulam
797 2383 1046 2474 liberalitatis,

375 2525 539 2609 Quando
558 2524 743 2624 fugerunt
761 2525 815 2598 illi
837 2551 859 2600 a
876 2525 1032 2624 Fingale
1051 2526 1319 2602 victoriarum:

376 2663 522 2739 Exorta
540 2679 598 2739 est
618 2665 750 2740 laetitia
768 2665 807 2739 in
828 2667 937 2740 vultu
950 2667 1169 2766 juventutis
1181 2693 1192 2756 3

372 2805 546 2880 Tradidit
564 2807 602 2879 in
617 2832 738 2880 meam
755 2833 905 2881 manum
918 2807 1064 2882 hastam
1078 2807 1249 2881 Temorae
1263 2805 1474 2906 principum
1488 2833 1498 2896 ;

375 2944 426 3018 Et
443 2971 520 3018 non
538 2947 646 3021 dedit
664 2947 727 3020 ille
744 2917 936 3022 imbecillo
956 2973 1036 3022 eam
1055 2947 1125 3021 sub
1142 2945 1302 3038 miseria,

375 3085 461 3159 Nec
479 3084 604 3158 animo
621 3087 691 3160 sub
711 3085 884 3186 superbia
901 3087 981 3161 sine
998 3087 1124 3162 factis.

374 3227 464 3301 Non
482 3227 649 3326 procella
667 3241 725 3302 est
745 3227 838 3300 mihi
857 3228 927 3327 ipsi
945 3241 1011 3302 tua
1027 3229 1239 3304 obscuritas
1257 3227 1445 3318 subfusca,

374 3367 466 3440 Non
485 3367 584 3464 ignis
603 3368 734 3442 mortis
753 3383 840 3443 tuus
860 3371 991 3444 oculus
1011 3369 1104 3443 mihi
1128 3371 1222 3470 ipsi3

376 3507 463 3580 Non
484 3521 541 3580 est
559 3520 681 3581 terror
700 3521 784 3582 tuus
803 3511 971 3609 clypeus,
993 3535 1065 3584 nec
1090 3523 1224 3585 cantus

375 3645 435 3720 Ab
455 3647 551 3736 Olla‚
574 3648 638 3746 qui
659 3661 717 3722 est
737 3649 915 3749 (expers)
937 3652 1060 3725 nudus
1078 3652 1296 3751 plagarum

378 3788 529 3878 Carbar,
552 3790 686 3863 emitte
704 3803 847 3864 metum
865 3816 976 3890 super
995 3817 1155 3884 servum,

379 3926 448 4000 Est
465 3929 586 4001 Oscar
602 3931 734 4002 natura
751 3931 851 4004 sicut
869 3933 1020 4031 rupes.'’

432 4078 455 4112 “
475 4071 614 4145 Nonne
633 4072 747 4146 cedes
765 4085 807 4145 tu
825 4071 905 4172 ipse
922 4071 1066 4148 hastam
1085 4073 1165 4150 sine
1185 4074 1430 4150 cunctatione
1444 4077 1486 4130 >'’
1613 4111 1616 4114 ·

379 4211 493 4284 Dixit
514 4210 667 4301 Carbar,
688 4212 743 4284 ira
761 4213 841 4312 ejus
860 4225 1050 4312 surgente.

382 4359 407 4394 “
420 4353 479 4424 An
496 4367 584 4426 sunt
601 4369 666 4427 tua
684 4353 800 4428 verba
817 4355 1026 4453 procellosa
1043 4369 1083 4431 et
1100 4357 1178 4430 alta

378 4495 537 4595 Propter
555 4497 746 4595 Fingalem
768 4523 881 4598 super
899 4497 1027 4572 littore
1047 4499 1186 4590 Iernes,

380 4637 574 4736 Fingalem
593 4637 812 4736 capillorum
831 4663 1022 4727 canorum,

378 4777 413 4851 A
429 4779 539 4877 sylva
558 4777 756 4874 clivorum,
773 4804 795 4852 a
811 4777 1028 4854 Morveue?
1148 4777 1152 4786 ’
