4194 6006
599 1118 800 1209 donnons
826 1116 855 1190 Ι.
885 1115 1185 1217 &ltuumsntttm

334 1342 455 1410 Curbsr,
469 1342 717 1402 Borbsr-duthulis
731 1344 814 1416 lilius,
828 1343 858 1402 in
871 1341 1019 1402 Connactd
1033 1343 1117 1402 nthae
1131 1343 1251 1420 regulus,
1264 1343 1393 1421 princeps
1408 1341 1466 1400 Fir-

374 1445 518 1522 bolgorum
529 1449 636 1523 generis
645 1449 862 1526 potentissimus,
873 1448 1013 1506 Cormaco
1023 1447 1157 1506 Arthonis
1168 1449 1237 1520 filio,
1248 1467 1312 1524 rege
1323 1446 1467 1506 Hiberniae

374 1551 584 1610 adolescentulo
597 1552 627 1612 in
646 1553 730 1630 regali
743 1553 872 1610 Temorae
891 1551 996 1628 palatio
1014 1553 1165 1623 trucidato,
1179 1571 1293 1629 reguum
1308 1549 1467 1628 occupavit.

308 1681 313 1690 ·
375 1656 530 1716 Cormacus
548 1677 567 1715 a
585 1658 697 1716 conare
714 1657 874 1714 Tnenmoria
893 1655 963 1727 filio,
983 1656 1101 1732 Fingaiis
1118 1675 1235 1732 proavo,
1248 1653 1467 1714 Caledoniorum

375 1761 480 1820 Scotiae
493 1763 674 1821 occidentalis
688 1763 844 1821 incolarum
860 1779 933 1836 rege,
948 1757 1025 1818 recti
1035 1757 1109 1818 lined
1120 1779 1206 1836 genus
1220 1761 1350 1819 ducebat.
1372 1756 1468 1833 Fingsl

376 1855 508 1925 Carb'sris
519 1867 641 1927 facinore
652 1869 783 1926 incensus
792 1867 821 1924 in
831 1864 996 1923 Hiberniam
1009 1865 1165 1923 exercitum
1177 1865 1375 1933 transmittere,
1383 1871 1469 1939 atque

376 1969 479 2026 iterum
501 1969 529 2027 in
550 1971 694 2030 Hiberniae
715 1969 786 2028 solio
808 1968 913 2044 regium
930 1987 1017 2045 genus
1040 1969 1181 2028 collocare
1204 1968 1314 2028 statuit.
1349 1967 1469 2036 Carbar,

376 2083 488 2132 maturo
498 2076 534 2132 de
546 2073 620 2134 illius
631 2074 751 2134 consiliis
766 2075 865 2133 nuntio
876 2081 1005 2151 accepto,
1018 2076 1152 2152 quosdam
1167 2091 1231 2132 suus
1243 2072 1366 2131 Ultouiae
1375 2081 1470 2148 gentes

375 2177 528 2248 contraxit,
542 2188 571 2236 et
587 2197 616 2236 se
630 2177 758 2238 celeritbr
771 2180 902 2255 subsequi
921 2198 987 2238 cum
1007 2181 1136 2238 exercitu
1154 2180 1182 2238 in
1196 2176 1318 2239 Temort
1334 2177 1469 2246 conflato,

376 2279 557 2339 Catbmorem
572 2283 687 2341 fratrem
701 2281 796 2357 jussit.
830 2283 858 2341 is
877 2295 939 2342 erat
958 2303 1051 2342 rerum
1071 2295 1170 2356 status,
1184 2304 1250 2344 cum
1266 2283 1389 2344 Ultoniae
1407 2301 1470 2342 orus

375 2385 497 2444 invasuri
510 2387 655 2446 Caledonii
670 2389 698 2446 in
712 2397 896 2466 conspectum
909 2400 1052 2450 venerunt.

337 2489 410 2550 Cum
424 2490 514 2570 primi
527 2493 591 2552 luce
604 2511 706 2571 poema
719 2494 827 2578 incipit
864 2496 911 2552 Ab
930 2496 1060 2554 exercitu
1077 2496 1184 2574 reliquo
1198 2515 1322 2556 seorsum
1337 2495 1472 2572 digressus

377 2595 527 2656 exhibetur
539 2597 657 2668 Carbar,
671 2599 785 2676 quando
799 2617 815 2656 e
831 2598 1053 2676 speculatoribus
1073 2619 1144 2658 unus
1162 2599 1202 2658 illi
1218 2599 1359 2676 Fingalem
1377 2597 1473 2676 copias

377 2700 538 2776 exposuisse
560 2701 723 2759 annunciet.
762 2699 923 2759 Concilium
948 2703 1107 2781 principum
1130 2715 1279 2764 convocat.
1321 2701 1474 2760 Foldstbus

380 2804 487 2863 Momae
501 2805 561 2862 dux
576 2805 667 2863 boatus
686 2803 804 2882 superbi
826 2815 1002 2882 aspernatur,
1015 2827 1098 2884 quem
1114 2807 1242 2866 Maltbus
1260 2806 1363 2864 aeriter
1381 2825 1474 2882 repre-

378 2907 482 2968 hendit
526 2907 645 2976 Carbsn
667 2907 868 2968 deliberatione
891 2909 999 2982 habim,
1021 2911 1128 2990 epulas,
1150 2913 1186 2970 ad
1209 2931 1288 2989 quas,
1310 2931 1360 2989 par
1378 2910 1474 2969 Ollsm

380 3013 509 3083 bardum,
524 3013 661 3072 Oscorum
676 3012 788 3072 Ossiaui
808 3013 898 3072 lilium
912 3023 1005 3088 vocat,
1024 3015 1153 3094 apparari
1170 3015 1254 3091 jubet
1264 3035 1274 3083 3
1292 3031 1379 3091 quum
1398 3011 1475 3091 prids

376 3117 462 3192 jurgii
484 3117 660 3176 occasionem
682 3129 808 3197 captare,
827 3129 860 3178 ut
878 3137 1022 3178 ermomm
1039 3131 1110 3178 esset
1131 3127 1313 3196 praetextum,
1330 3117 1359 3174 in
1380 3121 1475 3175 animo

381 3222 574 3280 destinaverat.
622 3223 726 3300 Epulas
747 3222 817 3281 adiit
839 3223 949 3292 Oscar;
969 3222 1095 3299 jurgium
1118 3233 1160 3282 est
1183 3223 1307 3290 iactumr
1332 3221 1476 3299 utriusque

381 3326 449 3384 socii
469 3326 506 3384 ad
525 3345 623 3384 manus
636 3335 789 3396 venerunt;
811 3327 920 3386 Carbar
938 3337 966 3384 et
980 3325 1072 3385 Oscar
1085 3327 1249 3386 occiderunt
1263 3325 1367 3384 mutuis
1380 3324 1476 3382 vulue-

381 3429 458 3487 ribus
481 3430 612 3507 oppressi.
655 3431 702 3488 Ad
722 3430 841 3507 lingulis
864 3421 957 3488 castra
977 3449 1076 3507 pugnae
1101 3449 1198 3488 rumor
1218 3441 1260 3487 est
1281 3428 1414 3506 perlatus,
1428 3428 1474 3506 qui

384 3533 484 3593 Oscari
499 3536 684 3594 subventurus
703 3535 859 3603 festinarim
880 3535 916 3591 ad
930 3533 1090 3592 Cathrnoris
1102 3533 1258 3591 exercitum
1274 3531 1418 3589 Hibernici
1433 3550 1476 3589 ra·

383 3648 536 3710 cesserunt,
549 3639 595 3716 qui
610 3639 640 3698 in
654 3639 778 3698 Molenas
797 3637 974 3698 solitudinem
996 3638 1069 3715 ripas
1083 3637 1172 3713 juxta
1184 3635 1301 3694 Luban's
1321 3634 1397 3693 fluvii
1415 3645 1477 3692 emt

381 3761 550 3820 progressus.
586 3743 692 3820 Fingal,
706 3762 773 3804 cum
795 3755 926 3822 nepotem
944 3743 1068 3814 luxerat,
1082 3741 1170 3801 Ullini
1188 3743 1339 3800 bardorum
1357 3740 1477 3818 principi

384 3863 485 3922 corpus
509 3846 655 3905 Morvenae
680 3845 878 3904 tumulandum
900 3849 1051 3906 mandavit.
1094 3848 1194 3906 Noctis
1213 3848 1344 3916 adventu,
1369 3845 1476 3904 Althsu

385 3949 558 4008 Conacbaris
572 3950 645 4009 lilius
659 3951 715 4026 regi
735 3953 770 4010 de
788 3951 922 4031 Cormaci
934 3953 1012 4012 caede
1030 3951 1137 4029 singula
1150 3960 1272 4010 enarrat.
1312 3949 1399 4008 Polun
1414 3949 1478 4007 lin-

383 4053 451 4129 gulis
465 4055 540 4114 lilius
554 4056 620 4132 quid
637 4055 730 4115 hostes
745 4067 830 4114 noctu
845 4057 984 4118 lacessant
998 4060 1176 4116 observatum
1195 4055 1332 4124 mittitur;
1353 4073 1416 4132 quae
1435 4073 1478 4112 res

384 4158 466 4235 primi
478 4159 533 4217 diei
543 4161 682 4220 sotionem
694 4160 848 4221 concludit.
870 4161 943 4230 Quae
954 4160 1009 4219 boc
1019 4161 1092 4218 libro
1103 4169 1253 4218 narrantur
1265 4155 1381 4228 Ultond,
1391 4175 1478 4234 prope

386 4261 479 4322 Morae
494 4277 629 4338 montem,
642 4265 671 4324 in
685 4278 813 4326 extremo
829 4267 953 4326 Molenae
966 4265 1122 4326 solitudinis
1135 4266 1223 4325 limite
1237 4272 1352 4343 peracte
1364 4272 1438 4322 sunt.
